%YAML 1.1
%TAG !u! tag:unity3d.com,2011:
--- !u!114 &11400000
MonoBehaviour:
  m_ObjectHideFlags: 0
  m_CorrespondingSourceObject: {fileID: 0}
  m_PrefabInternal: {fileID: 0}
  m_GameObject: {fileID: 0}
  m_Enabled: 1
  m_EditorHideFlags: 0
  m_Script: {fileID: 11500000, guid: d32cf7c32a3ed8347bac48ef5ed56d82, type: 3}
  m_Name: FMODStudioCache
  m_EditorClassIdentifier: 
  EditorBanks:
  - {fileID: 114032946395879720}
  - {fileID: 114156924491415830}
  - {fileID: 114983296085383782}
  - {fileID: 114075828173303224}
  - {fileID: 114753317512446548}
  - {fileID: 114588124099126502}
  - {fileID: 114969734951148638}
  - {fileID: 114907157640822584}
  - {fileID: 114938715867572676}
  - {fileID: 114279991091786928}
  EditorEvents:
  - {fileID: 114743314722991646}
  - {fileID: 114249102502019928}
  - {fileID: 114862482340198888}
  - {fileID: 114667741107304260}
  - {fileID: 114192557824486008}
  - {fileID: 114018167944722370}
  - {fileID: 114161462503839808}
  - {fileID: 114844949686517046}
  - {fileID: 114675540510027934}
  - {fileID: 114349768018376500}
  - {fileID: 114186137625010120}
  - {fileID: 114738474133081148}
  - {fileID: 114392722825188812}
  - {fileID: 114294707533987190}
  - {fileID: 114744515420663208}
  - {fileID: 114946053030605988}
  - {fileID: 114202578871449940}
  - {fileID: 114980684486853706}
  - {fileID: 114497729232921002}
  - {fileID: 114137806208154016}
  - {fileID: 114737046506793192}
  - {fileID: 114649457419989012}
  - {fileID: 114367569037964750}
  - {fileID: 114305392217939586}
  - {fileID: 114662851436789984}
  - {fileID: 114606615490427678}
  - {fileID: 114858961473193262}
  - {fileID: 114703425851007186}
  - {fileID: 114903691141440958}
  - {fileID: 114503509668203684}
  - {fileID: 114563229366539550}
  - {fileID: 114671096170190386}
  - {fileID: 114726698052512474}
  - {fileID: 114714356929495366}
  - {fileID: 114037832396916790}
  - {fileID: 114515585494921986}
  - {fileID: 114759019747522438}
  - {fileID: 114917658719413868}
  - {fileID: 114250405402423288}
  - {fileID: 114236391336777016}
  - {fileID: 114231055820696642}
  MasterBankRef: {fileID: 114753317512446548}
  StringsBankRef: {fileID: 114032946395879720}
  stringsBankWriteTime: 636776165730000000
  cacheVersion: 2
--- !u!114 &114018167944722370
MonoBehaviour:
  m_ObjectHideFlags: 0
  m_CorrespondingSourceObject: {fileID: 0}
  m_PrefabInternal: {fileID: 0}
  m_GameObject: {fileID: 0}
  m_Enabled: 1
  m_EditorHideFlags: 0
  m_Script: {fileID: 11500000, guid: ceb653cd98e289a4e8697a1af55201f2, type: 3}
  m_Name: 
  m_EditorClassIdentifier: 
  Path: event:/mini_game_win_1
  guid: 57912f44dac8a941aa23ece2adcdb46a
  Banks:
  - {fileID: 114983296085383782}
  IsStream: 0
  Is3D: 0
  IsOneShot: 1
  Parameters: []
  MinDistance: 0
  MaxDistance: 0
  Length: 3504
--- !u!114 &114032946395879720
MonoBehaviour:
  m_ObjectHideFlags: 0
  m_CorrespondingSourceObject: {fileID: 0}
  m_PrefabInternal: {fileID: 0}
  m_GameObject: {fileID: 0}
  m_Enabled: 1
  m_EditorHideFlags: 0
  m_Script: {fileID: 11500000, guid: c18180ecb35941f4682ae60107b85b7c, type: 3}
  m_Name: 
  m_EditorClassIdentifier: 
  Path: "/Users/diego/Documents/Projetos/FioCruz EaD - Jogo - E agora cidada\u0303o/3_integrated_version/AudioProject/eac_audio_proj/Build/Desktop/Master
    Bank.strings.bank"
  lastModified: 636776165730000000
  LoadResult: 0
  FileSizes:
  - Name: Desktop
    Value: 2962
  Exists: 1
--- !u!114 &114037832396916790
MonoBehaviour:
  m_ObjectHideFlags: 0
  m_CorrespondingSourceObject: {fileID: 0}
  m_PrefabInternal: {fileID: 0}
  m_GameObject: {fileID: 0}
  m_Enabled: 1
  m_EditorHideFlags: 0
  m_Script: {fileID: 11500000, guid: ceb653cd98e289a4e8697a1af55201f2, type: 3}
  m_Name: 
  m_EditorClassIdentifier: 
  Path: event:/mg_mouth_h_place_piece_6
  guid: 24ee1b9ae3a4d04dbe58755b0270605a
  Banks:
  - {fileID: 114279991091786928}
  IsStream: 0
  Is3D: 0
  IsOneShot: 1
  Parameters: []
  MinDistance: 0
  MaxDistance: 0
  Length: 1176
--- !u!114 &114063119149989104
MonoBehaviour:
  m_ObjectHideFlags: 0
  m_CorrespondingSourceObject: {fileID: 0}
  m_PrefabInternal: {fileID: 0}
  m_GameObject: {fileID: 0}
  m_Enabled: 1
  m_EditorHideFlags: 0
  m_Script: {fileID: 11500000, guid: ceb653cd98e289a4e8697a1af55201f2, type: 3}
  m_Name: 
  m_EditorClassIdentifier: 
  Path: event:/mg_heart_t_during_transplant
  guid: 19fa4d08345e164cb73a0ed2da54b265
  Banks:
  - {fileID: 114106701472319246}
  IsStream: 0
  Is3D: 0
  IsOneShot: 0
  Parameters: []
  MinDistance: 0
  MaxDistance: 0
  Length: 9240
--- !u!114 &114075828173303224
MonoBehaviour:
  m_ObjectHideFlags: 0
  m_CorrespondingSourceObject: {fileID: 0}
  m_PrefabInternal: {fileID: 0}
  m_GameObject: {fileID: 0}
  m_Enabled: 1
  m_EditorHideFlags: 0
  m_Script: {fileID: 11500000, guid: c18180ecb35941f4682ae60107b85b7c, type: 3}
  m_Name: 
  m_EditorClassIdentifier: 
  Path: "/Users/diego/Documents/Projetos/FioCruz EaD - Jogo - E agora cidada\u0303o/3_integrated_version/AudioProject/eac_audio_proj/Build/Desktop/mg_vigi_s.bank"
  lastModified: 636776165730000000
  LoadResult: 0
  FileSizes:
  - Name: Desktop
    Value: 133664
  Exists: 1
--- !u!114 &114088457268045036
MonoBehaviour:
  m_ObjectHideFlags: 0
  m_CorrespondingSourceObject: {fileID: 0}
  m_PrefabInternal: {fileID: 0}
  m_GameObject: {fileID: 0}
  m_Enabled: 1
  m_EditorHideFlags: 0
  m_Script: {fileID: 11500000, guid: ceb653cd98e289a4e8697a1af55201f2, type: 3}
  m_Name: 
  m_EditorClassIdentifier: 
  Path: event:/mini_game_win_2
  guid: bc7118598e6d0442aa302a24c1241b53
  Banks:
  - {fileID: 114260252922075442}
  IsStream: 0
  Is3D: 0
  IsOneShot: 1
  Parameters: []
  MinDistance: 0
  MaxDistance: 0
  Length: 3648
--- !u!114 &114092823715033386
MonoBehaviour:
  m_ObjectHideFlags: 0
  m_CorrespondingSourceObject: {fileID: 0}
  m_PrefabInternal: {fileID: 0}
  m_GameObject: {fileID: 0}
  m_Enabled: 1
  m_EditorHideFlags: 0
  m_Script: {fileID: 11500000, guid: c18180ecb35941f4682ae60107b85b7c, type: 3}
  m_Name: 
  m_EditorClassIdentifier: 
  Path: "/Users/diego/Documents/Projects/FioCruz EaD - Jogo - E agora cidada\u0303o/3_integrated_version/AudioProject/eac_audio_proj/Build/Desktop/global_bank.bank"
  lastModified: 636749327300000000
  LoadResult: 0
  FileSizes:
  - Name: Desktop
    Value: 2266304
  Exists: 1
--- !u!114 &114106701472319246
MonoBehaviour:
  m_ObjectHideFlags: 0
  m_CorrespondingSourceObject: {fileID: 0}
  m_PrefabInternal: {fileID: 0}
  m_GameObject: {fileID: 0}
  m_Enabled: 1
  m_EditorHideFlags: 0
  m_Script: {fileID: 11500000, guid: c18180ecb35941f4682ae60107b85b7c, type: 3}
  m_Name: 
  m_EditorClassIdentifier: 
  Path: "/Users/diego/Documents/Projects/FioCruz EaD - Jogo - E agora cidada\u0303o/3_integrated_version/AudioProject/eac_audio_proj/Build/Desktop/mg_heart_transplant.bank"
  lastModified: 636749327310000000
  LoadResult: 0
  FileSizes:
  - Name: Desktop
    Value: 171648
  Exists: 1
--- !u!114 &114113621651693384
MonoBehaviour:
  m_ObjectHideFlags: 0
  m_CorrespondingSourceObject: {fileID: 0}
  m_PrefabInternal: {fileID: 0}
  m_GameObject: {fileID: 0}
  m_Enabled: 1
  m_EditorHideFlags: 0
  m_Script: {fileID: 11500000, guid: ceb653cd98e289a4e8697a1af55201f2, type: 3}
  m_Name: 
  m_EditorClassIdentifier: 
  Path: event:/mini_game_loss_1
  guid: 40c91a19e948434dbf89774ca84ab06a
  Banks:
  - {fileID: 114260252922075442}
  IsStream: 0
  Is3D: 0
  IsOneShot: 1
  Parameters: []
  MinDistance: 0
  MaxDistance: 0
  Length: 2928
--- !u!114 &114137806208154016
MonoBehaviour:
  m_ObjectHideFlags: 0
  m_CorrespondingSourceObject: {fileID: 0}
  m_PrefabInternal: {fileID: 0}
  m_GameObject: {fileID: 0}
  m_Enabled: 1
  m_EditorHideFlags: 0
  m_Script: {fileID: 11500000, guid: ceb653cd98e289a4e8697a1af55201f2, type: 3}
  m_Name: 
  m_EditorClassIdentifier: 
  Path: event:/mg_vaccination_wrong_hit_2
  guid: 1d582a3dba1af64a8654f9b2bce59a65
  Banks:
  - {fileID: 114588124099126502}
  IsStream: 0
  Is3D: 0
  IsOneShot: 1
  Parameters: []
  MinDistance: 0
  MaxDistance: 0
  Length: 1200
--- !u!114 &114156924491415830
MonoBehaviour:
  m_ObjectHideFlags: 0
  m_CorrespondingSourceObject: {fileID: 0}
  m_PrefabInternal: {fileID: 0}
  m_GameObject: {fileID: 0}
  m_Enabled: 1
  m_EditorHideFlags: 0
  m_Script: {fileID: 11500000, guid: c18180ecb35941f4682ae60107b85b7c, type: 3}
  m_Name: 
  m_EditorClassIdentifier: 
  Path: "/Users/diego/Documents/Projetos/FioCruz EaD - Jogo - E agora cidada\u0303o/3_integrated_version/AudioProject/eac_audio_proj/Build/Desktop/mg_heart_transplant.bank"
  lastModified: 636776165730000000
  LoadResult: 0
  FileSizes:
  - Name: Desktop
    Value: 171648
  Exists: 1
--- !u!114 &114161462503839808
MonoBehaviour:
  m_ObjectHideFlags: 0
  m_CorrespondingSourceObject: {fileID: 0}
  m_PrefabInternal: {fileID: 0}
  m_GameObject: {fileID: 0}
  m_Enabled: 1
  m_EditorHideFlags: 0
  m_Script: {fileID: 11500000, guid: ceb653cd98e289a4e8697a1af55201f2, type: 3}
  m_Name: 
  m_EditorClassIdentifier: 
  Path: event:/mini_game_loss_3
  guid: 6d319f23825a1d4e9c6f5b76c8b97851
  Banks:
  - {fileID: 114983296085383782}
  IsStream: 0
  Is3D: 0
  IsOneShot: 1
  Parameters: []
  MinDistance: 0
  MaxDistance: 0
  Length: 3000
--- !u!114 &114173146085940722
MonoBehaviour:
  m_ObjectHideFlags: 0
  m_CorrespondingSourceObject: {fileID: 0}
  m_PrefabInternal: {fileID: 0}
  m_GameObject: {fileID: 0}
  m_Enabled: 1
  m_EditorHideFlags: 0
  m_Script: {fileID: 11500000, guid: ceb653cd98e289a4e8697a1af55201f2, type: 3}
  m_Name: 
  m_EditorClassIdentifier: 
  Path: event:/btn_click
  guid: f05f588f5e15c24384764a9abe26efc5
  Banks:
  - {fileID: 114845909863448150}
  IsStream: 0
  Is3D: 0
  IsOneShot: 1
  Parameters: []
  MinDistance: 0
  MaxDistance: 0
  Length: 2037
--- !u!114 &114185709220751106
MonoBehaviour:
  m_ObjectHideFlags: 0
  m_CorrespondingSourceObject: {fileID: 0}
  m_PrefabInternal: {fileID: 0}
  m_GameObject: {fileID: 0}
  m_Enabled: 1
  m_EditorHideFlags: 0
  m_Script: {fileID: 11500000, guid: ceb653cd98e289a4e8697a1af55201f2, type: 3}
  m_Name: 
  m_EditorClassIdentifier: 
  Path: event:/mini_game_loss_4
  guid: ac52d619828c0044a5d260fd3517b48b
  Banks:
  - {fileID: 114260252922075442}
  IsStream: 0
  Is3D: 0
  IsOneShot: 1
  Parameters: []
  MinDistance: 0
  MaxDistance: 0
  Length: 2952
--- !u!114 &114186137625010120
MonoBehaviour:
  m_ObjectHideFlags: 0
  m_CorrespondingSourceObject: {fileID: 0}
  m_PrefabInternal: {fileID: 0}
  m_GameObject: {fileID: 0}
  m_Enabled: 1
  m_EditorHideFlags: 0
  m_Script: {fileID: 11500000, guid: ceb653cd98e289a4e8697a1af55201f2, type: 3}
  m_Name: 
  m_EditorClassIdentifier: 
  Path: event:/mini_game_win_2
  guid: bc7118598e6d0442aa302a24c1241b53
  Banks:
  - {fileID: 114983296085383782}
  IsStream: 0
  Is3D: 0
  IsOneShot: 1
  Parameters: []
  MinDistance: 0
  MaxDistance: 0
  Length: 3648
--- !u!114 &114192557824486008
MonoBehaviour:
  m_ObjectHideFlags: 0
  m_CorrespondingSourceObject: {fileID: 0}
  m_PrefabInternal: {fileID: 0}
  m_GameObject: {fileID: 0}
  m_Enabled: 1
  m_EditorHideFlags: 0
  m_Script: {fileID: 11500000, guid: ceb653cd98e289a4e8697a1af55201f2, type: 3}
  m_Name: 
  m_EditorClassIdentifier: 
  Path: event:/mini_game_loss_1
  guid: 40c91a19e948434dbf89774ca84ab06a
  Banks:
  - {fileID: 114983296085383782}
  IsStream: 0
  Is3D: 0
  IsOneShot: 1
  Parameters: []
  MinDistance: 0
  MaxDistance: 0
  Length: 2000
--- !u!114 &114202578871449940
MonoBehaviour:
  m_ObjectHideFlags: 0
  m_CorrespondingSourceObject: {fileID: 0}
  m_PrefabInternal: {fileID: 0}
  m_GameObject: {fileID: 0}
  m_Enabled: 1
  m_EditorHideFlags: 0
  m_Script: {fileID: 11500000, guid: ceb653cd98e289a4e8697a1af55201f2, type: 3}
  m_Name: 
  m_EditorClassIdentifier: 
  Path: event:/mg_vigi_s_fruit_explosion_liquid
  guid: ba2099c4d5722549948b485af346f69f
  Banks:
  - {fileID: 114075828173303224}
  IsStream: 0
  Is3D: 0
  IsOneShot: 1
  Parameters: []
  MinDistance: 0
  MaxDistance: 0
  Length: 1476
--- !u!114 &114209957661664908
MonoBehaviour:
  m_ObjectHideFlags: 0
  m_CorrespondingSourceObject: {fileID: 0}
  m_PrefabInternal: {fileID: 0}
  m_GameObject: {fileID: 0}
  m_Enabled: 1
  m_EditorHideFlags: 0
  m_Script: {fileID: 11500000, guid: ceb653cd98e289a4e8697a1af55201f2, type: 3}
  m_Name: 
  m_EditorClassIdentifier: 
  Path: event:/game_over
  guid: 0ea469aaf9146e4dbcfc5f4e89bfaf21
  Banks:
  - {fileID: 114092823715033386}
  IsStream: 1
  Is3D: 0
  IsOneShot: 1
  Parameters: []
  MinDistance: 0
  MaxDistance: 0
  Length: 57521
--- !u!114 &114231055820696642
MonoBehaviour:
  m_ObjectHideFlags: 0
  m_CorrespondingSourceObject: {fileID: 0}
  m_PrefabInternal: {fileID: 0}
  m_GameObject: {fileID: 0}
  m_Enabled: 1
  m_EditorHideFlags: 0
  m_Script: {fileID: 11500000, guid: ceb653cd98e289a4e8697a1af55201f2, type: 3}
  m_Name: 
  m_EditorClassIdentifier: 
  Path: event:/mg_mouth_h_job_done
  guid: e38abd2d4879f64baaedcc175d27495a
  Banks:
  - {fileID: 114279991091786928}
  IsStream: 0
  Is3D: 0
  IsOneShot: 1
  Parameters: []
  MinDistance: 0
  MaxDistance: 0
  Length: 2088
--- !u!114 &114233225412065338
MonoBehaviour:
  m_ObjectHideFlags: 0
  m_CorrespondingSourceObject: {fileID: 0}
  m_PrefabInternal: {fileID: 0}
  m_GameObject: {fileID: 0}
  m_Enabled: 1
  m_EditorHideFlags: 0
  m_Script: {fileID: 11500000, guid: ceb653cd98e289a4e8697a1af55201f2, type: 3}
  m_Name: 
  m_EditorClassIdentifier: 
  Path: event:/mg_heart_t_placing_heart
  guid: 709c1889e386744eb9e2d2ccc1b5fadf
  Banks:
  - {fileID: 114106701472319246}
  IsStream: 0
  Is3D: 0
  IsOneShot: 1
  Parameters: []
  MinDistance: 0
  MaxDistance: 0
  Length: 1608
--- !u!114 &114236391336777016
MonoBehaviour:
  m_ObjectHideFlags: 0
  m_CorrespondingSourceObject: {fileID: 0}
  m_PrefabInternal: {fileID: 0}
  m_GameObject: {fileID: 0}
  m_Enabled: 1
  m_EditorHideFlags: 0
  m_Script: {fileID: 11500000, guid: ceb653cd98e289a4e8697a1af55201f2, type: 3}
  m_Name: 
  m_EditorClassIdentifier: 
  Path: event:/mg_mouth_h_place_piece_2
  guid: e0602584c2728541b83551a24abc38ea
  Banks:
  - {fileID: 114279991091786928}
  IsStream: 0
  Is3D: 0
  IsOneShot: 1
  Parameters: []
  MinDistance: 0
  MaxDistance: 0
  Length: 1200
--- !u!114 &114249102502019928
MonoBehaviour:
  m_ObjectHideFlags: 0
  m_CorrespondingSourceObject: {fileID: 0}
  m_PrefabInternal: {fileID: 0}
  m_GameObject: {fileID: 0}
  m_Enabled: 1
  m_EditorHideFlags: 0
  m_Script: {fileID: 11500000, guid: ceb653cd98e289a4e8697a1af55201f2, type: 3}
  m_Name: 
  m_EditorClassIdentifier: 
  Path: event:/mg_heart_t_placing_heart
  guid: 709c1889e386744eb9e2d2ccc1b5fadf
  Banks:
  - {fileID: 114156924491415830}
  IsStream: 0
  Is3D: 0
  IsOneShot: 1
  Parameters: []
  MinDistance: 0
  MaxDistance: 0
  Length: 1608
--- !u!114 &114250405402423288
MonoBehaviour:
  m_ObjectHideFlags: 0
  m_CorrespondingSourceObject: {fileID: 0}
  m_PrefabInternal: {fileID: 0}
  m_GameObject: {fileID: 0}
  m_Enabled: 1
  m_EditorHideFlags: 0
  m_Script: {fileID: 11500000, guid: ceb653cd98e289a4e8697a1af55201f2, type: 3}
  m_Name: 
  m_EditorClassIdentifier: 
  Path: event:/mg_mouth_h_place_piece_4
  guid: b10e2ecdc5865f4487e3abce5d464c21
  Banks:
  - {fileID: 114279991091786928}
  IsStream: 0
  Is3D: 0
  IsOneShot: 1
  Parameters: []
  MinDistance: 0
  MaxDistance: 0
  Length: 1176
--- !u!114 &114254149335247540
MonoBehaviour:
  m_ObjectHideFlags: 0
  m_CorrespondingSourceObject: {fileID: 0}
  m_PrefabInternal: {fileID: 0}
  m_GameObject: {fileID: 0}
  m_Enabled: 1
  m_EditorHideFlags: 0
  m_Script: {fileID: 11500000, guid: ceb653cd98e289a4e8697a1af55201f2, type: 3}
  m_Name: 
  m_EditorClassIdentifier: 
  Path: event:/mg_vaccination_doctor_voice_game_start
  guid: 672c52a8a4712a47aa652931f29ef968
  Banks:
  - {fileID: 114866939494262762}
  IsStream: 0
  Is3D: 0
  IsOneShot: 1
  Parameters: []
  MinDistance: 0
  MaxDistance: 0
  Length: 696
--- !u!114 &114260252922075442
MonoBehaviour:
  m_ObjectHideFlags: 0
  m_CorrespondingSourceObject: {fileID: 0}
  m_PrefabInternal: {fileID: 0}
  m_GameObject: {fileID: 0}
  m_Enabled: 1
  m_EditorHideFlags: 0
  m_Script: {fileID: 11500000, guid: c18180ecb35941f4682ae60107b85b7c, type: 3}
  m_Name: 
  m_EditorClassIdentifier: 
  Path: "/Users/diego/Documents/Projects/FioCruz EaD - Jogo - E agora cidada\u0303o/3_integrated_version/AudioProject/eac_audio_proj/Build/Desktop/mini_games.bank"
  lastModified: 636749327310000000
  LoadResult: 0
  FileSizes:
  - Name: Desktop
    Value: 216000
  Exists: 1
--- !u!114 &114279991091786928
MonoBehaviour:
  m_ObjectHideFlags: 0
  m_CorrespondingSourceObject: {fileID: 0}
  m_PrefabInternal: {fileID: 0}
  m_GameObject: {fileID: 0}
  m_Enabled: 1
  m_EditorHideFlags: 0
  m_Script: {fileID: 11500000, guid: c18180ecb35941f4682ae60107b85b7c, type: 3}
  m_Name: 
  m_EditorClassIdentifier: 
  Path: "/Users/diego/Documents/Projetos/FioCruz EaD - Jogo - E agora cidada\u0303o/3_integrated_version/AudioProject/eac_audio_proj/Build/Desktop/mg_mouth_h.bank"
  lastModified: 636776165730000000
  LoadResult: 0
  FileSizes:
  - Name: Desktop
    Value: 153152
  Exists: 1
--- !u!114 &114294707533987190
MonoBehaviour:
  m_ObjectHideFlags: 0
  m_CorrespondingSourceObject: {fileID: 0}
  m_PrefabInternal: {fileID: 0}
  m_GameObject: {fileID: 0}
  m_Enabled: 1
  m_EditorHideFlags: 0
  m_Script: {fileID: 11500000, guid: ceb653cd98e289a4e8697a1af55201f2, type: 3}
  m_Name: 
  m_EditorClassIdentifier: 
  Path: event:/mg_vigi_s_fruit_explosion_solid
  guid: 3da68b635519d343930d1ea0753ac60c
  Banks:
  - {fileID: 114075828173303224}
  IsStream: 0
  Is3D: 0
  IsOneShot: 1
  Parameters: []
  MinDistance: 0
  MaxDistance: 0
  Length: 1836
--- !u!114 &114299157660762662
MonoBehaviour:
  m_ObjectHideFlags: 0
  m_CorrespondingSourceObject: {fileID: 0}
  m_PrefabInternal: {fileID: 0}
  m_GameObject: {fileID: 0}
  m_Enabled: 1
  m_EditorHideFlags: 0
  m_Script: {fileID: 11500000, guid: ceb653cd98e289a4e8697a1af55201f2, type: 3}
  m_Name: 
  m_EditorClassIdentifier: 
  Path: event:/mg_vaccination_wrong_hit_3
  guid: 154a8a9121a8e049b622bf15002bf9ad
  Banks:
  - {fileID: 114866939494262762}
  IsStream: 0
  Is3D: 0
  IsOneShot: 1
  Parameters: []
  MinDistance: 0
  MaxDistance: 0
  Length: 1200
--- !u!114 &114305392217939586
MonoBehaviour:
  m_ObjectHideFlags: 0
  m_CorrespondingSourceObject: {fileID: 0}
  m_PrefabInternal: {fileID: 0}
  m_GameObject: {fileID: 0}
  m_Enabled: 1
  m_EditorHideFlags: 0
  m_Script: {fileID: 11500000, guid: ceb653cd98e289a4e8697a1af55201f2, type: 3}
  m_Name: 
  m_EditorClassIdentifier: 
  Path: event:/game_over
  guid: 0ea469aaf9146e4dbcfc5f4e89bfaf21
  Banks:
  - {fileID: 114969734951148638}
  IsStream: 1
  Is3D: 0
  IsOneShot: 1
  Parameters: []
  MinDistance: 0
  MaxDistance: 0
  Length: 57521
--- !u!114 &114332450359852272
MonoBehaviour:
  m_ObjectHideFlags: 0
  m_CorrespondingSourceObject: {fileID: 0}
  m_PrefabInternal: {fileID: 0}
  m_GameObject: {fileID: 0}
  m_Enabled: 1
  m_EditorHideFlags: 0
  m_Script: {fileID: 11500000, guid: ceb653cd98e289a4e8697a1af55201f2, type: 3}
  m_Name: 
  m_EditorClassIdentifier: 
  Path: event:/mg_vigi_s_flea_leaving
  guid: af6b678024a97546a1f637d1915cac66
  Banks:
  - {fileID: 114442251505246814}
  IsStream: 0
  Is3D: 0
  IsOneShot: 1
  Parameters: []
  MinDistance: 0
  MaxDistance: 0
  Length: 1800
--- !u!114 &114338727407029616
MonoBehaviour:
  m_ObjectHideFlags: 0
  m_CorrespondingSourceObject: {fileID: 0}
  m_PrefabInternal: {fileID: 0}
  m_GameObject: {fileID: 0}
  m_Enabled: 1
  m_EditorHideFlags: 0
  m_Script: {fileID: 11500000, guid: ceb653cd98e289a4e8697a1af55201f2, type: 3}
  m_Name: 
  m_EditorClassIdentifier: 
  Path: event:/theme
  guid: 5a8342dfca7dd44a8e422b8665e39c3d
  Banks:
  - {fileID: 114092823715033386}
  IsStream: 1
  Is3D: 0
  IsOneShot: 0
  Parameters: []
  MinDistance: 0
  MaxDistance: 0
  Length: 114128
--- !u!114 &114349768018376500
MonoBehaviour:
  m_ObjectHideFlags: 0
  m_CorrespondingSourceObject: {fileID: 0}
  m_PrefabInternal: {fileID: 0}
  m_GameObject: {fileID: 0}
  m_Enabled: 1
  m_EditorHideFlags: 0
  m_Script: {fileID: 11500000, guid: ceb653cd98e289a4e8697a1af55201f2, type: 3}
  m_Name: 
  m_EditorClassIdentifier: 
  Path: event:/mini_game_loss_4
  guid: ac52d619828c0044a5d260fd3517b48b
  Banks:
  - {fileID: 114983296085383782}
  IsStream: 0
  Is3D: 0
  IsOneShot: 1
  Parameters: []
  MinDistance: 0
  MaxDistance: 0
  Length: 2000
--- !u!114 &114367569037964750
MonoBehaviour:
  m_ObjectHideFlags: 0
  m_CorrespondingSourceObject: {fileID: 0}
  m_PrefabInternal: {fileID: 0}
  m_GameObject: {fileID: 0}
  m_Enabled: 1
  m_EditorHideFlags: 0
  m_Script: {fileID: 11500000, guid: ceb653cd98e289a4e8697a1af55201f2, type: 3}
  m_Name: 
  m_EditorClassIdentifier: 
  Path: event:/game_over_exit
  guid: 05179b9c72c6fd4b91462c16a83f273c
  Banks:
  - {fileID: 114969734951148638}
  IsStream: 0
  Is3D: 0
  IsOneShot: 1
  Parameters: []
  MinDistance: 0
  MaxDistance: 0
  Length: 7915
--- !u!114 &114376022835527806
MonoBehaviour:
  m_ObjectHideFlags: 0
  m_CorrespondingSourceObject: {fileID: 0}
  m_PrefabInternal: {fileID: 0}
  m_GameObject: {fileID: 0}
  m_Enabled: 1
  m_EditorHideFlags: 0
  m_Script: {fileID: 11500000, guid: ceb653cd98e289a4e8697a1af55201f2, type: 3}
  m_Name: 
  m_EditorClassIdentifier: 
  Path: event:/btn_click
  guid: d2b9f434d9d27a4da540b4c7091b6642
  Banks:
  - {fileID: 114563358406504792}
  IsStream: 0
  Is3D: 0
  IsOneShot: 1
  Parameters: []
  MinDistance: 0
  MaxDistance: 0
  Length: 1836
--- !u!114 &114392722825188812
MonoBehaviour:
  m_ObjectHideFlags: 0
  m_CorrespondingSourceObject: {fileID: 0}
  m_PrefabInternal: {fileID: 0}
  m_GameObject: {fileID: 0}
  m_Enabled: 1
  m_EditorHideFlags: 0
  m_Script: {fileID: 11500000, guid: ceb653cd98e289a4e8697a1af55201f2, type: 3}
  m_Name: 
  m_EditorClassIdentifier: 
  Path: event:/mg_vigi_s_box_explosion
  guid: 36edc46e1ab91d448f8a7b5b07266d43
  Banks:
  - {fileID: 114075828173303224}
  IsStream: 0
  Is3D: 0
  IsOneShot: 1
  Parameters: []
  MinDistance: 0
  MaxDistance: 0
  Length: 1836
--- !u!114 &114442251505246814
MonoBehaviour:
  m_ObjectHideFlags: 0
  m_CorrespondingSourceObject: {fileID: 0}
  m_PrefabInternal: {fileID: 0}
  m_GameObject: {fileID: 0}
  m_Enabled: 1
  m_EditorHideFlags: 0
  m_Script: {fileID: 11500000, guid: c18180ecb35941f4682ae60107b85b7c, type: 3}
  m_Name: 
  m_EditorClassIdentifier: 
  Path: "/Users/diego/Documents/Projects/FioCruz EaD - Jogo - E agora cidada\u0303o/3_integrated_version/AudioProject/eac_audio_proj/Build/Desktop/mg_vigi_s.bank"
  lastModified: 636749327300000000
  LoadResult: 0
  FileSizes:
  - Name: Desktop
    Value: 133664
  Exists: 1
--- !u!114 &114443207733991548
MonoBehaviour:
  m_ObjectHideFlags: 0
  m_CorrespondingSourceObject: {fileID: 0}
  m_PrefabInternal: {fileID: 0}
  m_GameObject: {fileID: 0}
  m_Enabled: 1
  m_EditorHideFlags: 0
  m_Script: {fileID: 11500000, guid: ceb653cd98e289a4e8697a1af55201f2, type: 3}
  m_Name: 
  m_EditorClassIdentifier: 
  Path: event:/mg_heart_t_after_transplant
  guid: 716013fc64c58340a6eba30d9439f6a4
  Banks:
  - {fileID: 114106701472319246}
  IsStream: 0
  Is3D: 0
  IsOneShot: 1
  Parameters: []
  MinDistance: 0
  MaxDistance: 0
  Length: 1985
--- !u!114 &114494697394194590
MonoBehaviour:
  m_ObjectHideFlags: 0
  m_CorrespondingSourceObject: {fileID: 0}
  m_PrefabInternal: {fileID: 0}
  m_GameObject: {fileID: 0}
  m_Enabled: 1
  m_EditorHideFlags: 0
  m_Script: {fileID: 11500000, guid: ceb653cd98e289a4e8697a1af55201f2, type: 3}
  m_Name: 
  m_EditorClassIdentifier: 
  Path: event:/mg_vigi_s_flea_flying_around
  guid: 6c45d99aa4637b45b703d7bf0b29dd3d
  Banks:
  - {fileID: 114442251505246814}
  IsStream: 0
  Is3D: 0
  IsOneShot: 1
  Parameters: []
  MinDistance: 0
  MaxDistance: 0
  Length: 5472
--- !u!114 &114497729232921002
MonoBehaviour:
  m_ObjectHideFlags: 0
  m_CorrespondingSourceObject: {fileID: 0}
  m_PrefabInternal: {fileID: 0}
  m_GameObject: {fileID: 0}
  m_Enabled: 1
  m_EditorHideFlags: 0
  m_Script: {fileID: 11500000, guid: ceb653cd98e289a4e8697a1af55201f2, type: 3}
  m_Name: 
  m_EditorClassIdentifier: 
  Path: event:/mg_vaccination_wrong_hit_1
  guid: 1c20a163473f684aad4b2e857d276572
  Banks:
  - {fileID: 114588124099126502}
  IsStream: 0
  Is3D: 0
  IsOneShot: 1
  Parameters: []
  MinDistance: 0
  MaxDistance: 0
  Length: 1200
--- !u!114 &114500915093041800
MonoBehaviour:
  m_ObjectHideFlags: 0
  m_CorrespondingSourceObject: {fileID: 0}
  m_PrefabInternal: {fileID: 0}
  m_GameObject: {fileID: 0}
  m_Enabled: 1
  m_EditorHideFlags: 0
  m_Script: {fileID: 11500000, guid: ceb653cd98e289a4e8697a1af55201f2, type: 3}
  m_Name: 
  m_EditorClassIdentifier: 
  Path: event:/mg_vaccination_wrong_hit_2
  guid: 1d582a3dba1af64a8654f9b2bce59a65
  Banks:
  - {fileID: 114866939494262762}
  IsStream: 0
  Is3D: 0
  IsOneShot: 1
  Parameters: []
  MinDistance: 0
  MaxDistance: 0
  Length: 1200
--- !u!114 &114503509668203684
MonoBehaviour:
  m_ObjectHideFlags: 0
  m_CorrespondingSourceObject: {fileID: 0}
  m_PrefabInternal: {fileID: 0}
  m_GameObject: {fileID: 0}
  m_Enabled: 1
  m_EditorHideFlags: 0
  m_Script: {fileID: 11500000, guid: ceb653cd98e289a4e8697a1af55201f2, type: 3}
  m_Name: 
  m_EditorClassIdentifier: 
  Path: event:/mg_samu_at_home_rescue_1
  guid: 8f1f8fe898b30c4db5b705df18990140
  Banks:
  - {fileID: 114938715867572676}
  IsStream: 0
  Is3D: 0
  IsOneShot: 1
  Parameters: []
  MinDistance: 0
  MaxDistance: 0
  Length: 1968
--- !u!114 &114515585494921986
MonoBehaviour:
  m_ObjectHideFlags: 0
  m_CorrespondingSourceObject: {fileID: 0}
  m_PrefabInternal: {fileID: 0}
  m_GameObject: {fileID: 0}
  m_Enabled: 1
  m_EditorHideFlags: 0
  m_Script: {fileID: 11500000, guid: ceb653cd98e289a4e8697a1af55201f2, type: 3}
  m_Name: 
  m_EditorClassIdentifier: 
  Path: event:/mg_mouth_h_place_piece_1
  guid: 31e5f72c88ec6d4da143e79cd562c9a5
  Banks:
  - {fileID: 114279991091786928}
  IsStream: 0
  Is3D: 0
  IsOneShot: 1
  Parameters: []
  MinDistance: 0
  MaxDistance: 0
  Length: 1176
--- !u!114 &114515906993326404
MonoBehaviour:
  m_ObjectHideFlags: 0
  m_CorrespondingSourceObject: {fileID: 0}
  m_PrefabInternal: {fileID: 0}
  m_GameObject: {fileID: 0}
  m_Enabled: 1
  m_EditorHideFlags: 0
  m_Script: {fileID: 11500000, guid: ceb653cd98e289a4e8697a1af55201f2, type: 3}
  m_Name: 
  m_EditorClassIdentifier: 
  Path: event:/mini_game_win_1
  guid: 57912f44dac8a941aa23ece2adcdb46a
  Banks:
  - {fileID: 114260252922075442}
  IsStream: 0
  Is3D: 0
  IsOneShot: 1
  Parameters: []
  MinDistance: 0
  MaxDistance: 0
  Length: 3504
--- !u!114 &114563229366539550
MonoBehaviour:
  m_ObjectHideFlags: 0
  m_CorrespondingSourceObject: {fileID: 0}
  m_PrefabInternal: {fileID: 0}
  m_GameObject: {fileID: 0}
  m_Enabled: 1
  m_EditorHideFlags: 0
  m_Script: {fileID: 11500000, guid: ceb653cd98e289a4e8697a1af55201f2, type: 3}
  m_Name: 
  m_EditorClassIdentifier: 
  Path: event:/mg_samu_at_home_driving
  guid: 26b6c76184c25e4abcfbae82e640b309
  Banks:
  - {fileID: 114938715867572676}
  IsStream: 1
  Is3D: 0
  IsOneShot: 0
  Parameters: []
  MinDistance: 0
  MaxDistance: 0
  Length: 13272
--- !u!114 &114563358406504792
MonoBehaviour:
  m_ObjectHideFlags: 0
  m_CorrespondingSourceObject: {fileID: 0}
  m_PrefabInternal: {fileID: 0}
  m_GameObject: {fileID: 0}
  m_Enabled: 1
  m_EditorHideFlags: 0
  m_Script: {fileID: 11500000, guid: c18180ecb35941f4682ae60107b85b7c, type: 3}
  m_Name: 
  m_EditorClassIdentifier: 
  Path: "/Users/diego/Documents/Projects/FioCruz EaD - Jogo - E agora cidada\u0303o/3_integrated_version/AudioProject/eac_audio_proj/Build/Desktop/ui_bank.bank"
  lastModified: 636741038240000000
  LoadResult: 0
  FileSizes:
  - Name: Desktop
    Value: 12576
  Exists: 1
--- !u!114 &114588124099126502
MonoBehaviour:
  m_ObjectHideFlags: 0
  m_CorrespondingSourceObject: {fileID: 0}
  m_PrefabInternal: {fileID: 0}
  m_GameObject: {fileID: 0}
  m_Enabled: 1
  m_EditorHideFlags: 0
  m_Script: {fileID: 11500000, guid: c18180ecb35941f4682ae60107b85b7c, type: 3}
  m_Name: 
  m_EditorClassIdentifier: 
  Path: "/Users/diego/Documents/Projetos/FioCruz EaD - Jogo - E agora cidada\u0303o/3_integrated_version/AudioProject/eac_audio_proj/Build/Desktop/mg_vaccination.bank"
  lastModified: 636776165730000000
  LoadResult: 0
  FileSizes:
  - Name: Desktop
    Value: 61856
  Exists: 1
--- !u!114 &114606615490427678
MonoBehaviour:
  m_ObjectHideFlags: 0
  m_CorrespondingSourceObject: {fileID: 0}
  m_PrefabInternal: {fileID: 0}
  m_GameObject: {fileID: 0}
  m_Enabled: 1
  m_EditorHideFlags: 0
  m_Script: {fileID: 11500000, guid: ceb653cd98e289a4e8697a1af55201f2, type: 3}
  m_Name: 
  m_EditorClassIdentifier: 
  Path: event:/game_over_try_again
  guid: b0f69dda4d849f4daa0f166ee1485a7c
  Banks:
  - {fileID: 114969734951148638}
  IsStream: 0
  Is3D: 0
  IsOneShot: 1
  Parameters: []
  MinDistance: 0
  MaxDistance: 0
  Length: 7941
--- !u!114 &114612291321601582
MonoBehaviour:
  m_ObjectHideFlags: 0
  m_CorrespondingSourceObject: {fileID: 0}
  m_PrefabInternal: {fileID: 0}
  m_GameObject: {fileID: 0}
  m_Enabled: 1
  m_EditorHideFlags: 0
  m_Script: {fileID: 11500000, guid: ceb653cd98e289a4e8697a1af55201f2, type: 3}
  m_Name: 
  m_EditorClassIdentifier: 
  Path: event:/mg_vaccination_hit_correctly
  guid: af7567eb58178d4e83a8f476ce5deeee
  Banks:
  - {fileID: 114866939494262762}
  IsStream: 0
  Is3D: 0
  IsOneShot: 1
  Parameters: []
  MinDistance: 0
  MaxDistance: 0
  Length: 1608
--- !u!114 &114642638475193528
MonoBehaviour:
  m_ObjectHideFlags: 0
  m_CorrespondingSourceObject: {fileID: 0}
  m_PrefabInternal: {fileID: 0}
  m_GameObject: {fileID: 0}
  m_Enabled: 1
  m_EditorHideFlags: 0
  m_Script: {fileID: 11500000, guid: c18180ecb35941f4682ae60107b85b7c, type: 3}
  m_Name: 
  m_EditorClassIdentifier: 
  Path: "/Users/diego/Documents/Projects/FioCruz EaD - Jogo - E agora cidada\u0303o/3_integrated_version/AudioProject/eac_audio_proj/Build/Desktop/Master
    Bank.bank"
  lastModified: 636749327280000000
  LoadResult: 0
  FileSizes:
  - Name: Desktop
    Value: 12474
  Exists: 1
--- !u!114 &114649176883619712
MonoBehaviour:
  m_ObjectHideFlags: 0
  m_CorrespondingSourceObject: {fileID: 0}
  m_PrefabInternal: {fileID: 0}
  m_GameObject: {fileID: 0}
  m_Enabled: 1
  m_EditorHideFlags: 0
  m_Script: {fileID: 11500000, guid: ceb653cd98e289a4e8697a1af55201f2, type: 3}
  m_Name: 
  m_EditorClassIdentifier: 
  Path: event:/mg_vigi_s_fruit_explosion_liquid
  guid: ba2099c4d5722549948b485af346f69f
  Banks:
  - {fileID: 114442251505246814}
  IsStream: 0
  Is3D: 0
  IsOneShot: 1
  Parameters: []
  MinDistance: 0
  MaxDistance: 0
  Length: 1476
--- !u!114 &114649457419989012
MonoBehaviour:
  m_ObjectHideFlags: 0
  m_CorrespondingSourceObject: {fileID: 0}
  m_PrefabInternal: {fileID: 0}
  m_GameObject: {fileID: 0}
  m_Enabled: 1
  m_EditorHideFlags: 0
  m_Script: {fileID: 11500000, guid: ceb653cd98e289a4e8697a1af55201f2, type: 3}
  m_Name: 
  m_EditorClassIdentifier: 
  Path: event:/mg_vaccination_hit_correctly
  guid: af7567eb58178d4e83a8f476ce5deeee
  Banks:
  - {fileID: 114588124099126502}
  IsStream: 0
  Is3D: 0
  IsOneShot: 1
  Parameters: []
  MinDistance: 0
  MaxDistance: 0
  Length: 1608
--- !u!114 &114662851436789984
MonoBehaviour:
  m_ObjectHideFlags: 0
  m_CorrespondingSourceObject: {fileID: 0}
  m_PrefabInternal: {fileID: 0}
  m_GameObject: {fileID: 0}
  m_Enabled: 1
  m_EditorHideFlags: 0
  m_Script: {fileID: 11500000, guid: ceb653cd98e289a4e8697a1af55201f2, type: 3}
  m_Name: 
  m_EditorClassIdentifier: 
  Path: event:/theme
  guid: 5a8342dfca7dd44a8e422b8665e39c3d
  Banks:
  - {fileID: 114969734951148638}
  IsStream: 1
  Is3D: 0
  IsOneShot: 0
  Parameters: []
  MinDistance: 0
  MaxDistance: 0
  Length: 114128
--- !u!114 &114667741107304260
MonoBehaviour:
  m_ObjectHideFlags: 0
  m_CorrespondingSourceObject: {fileID: 0}
  m_PrefabInternal: {fileID: 0}
  m_GameObject: {fileID: 0}
  m_Enabled: 1
  m_EditorHideFlags: 0
  m_Script: {fileID: 11500000, guid: ceb653cd98e289a4e8697a1af55201f2, type: 3}
  m_Name: 
  m_EditorClassIdentifier: 
  Path: event:/mg_heart_t_after_transplant
  guid: 716013fc64c58340a6eba30d9439f6a4
  Banks:
  - {fileID: 114156924491415830}
  IsStream: 0
  Is3D: 0
  IsOneShot: 1
  Parameters: []
  MinDistance: 0
  MaxDistance: 0
  Length: 1985
--- !u!114 &114671096170190386
MonoBehaviour:
  m_ObjectHideFlags: 0
  m_CorrespondingSourceObject: {fileID: 0}
  m_PrefabInternal: {fileID: 0}
  m_GameObject: {fileID: 0}
  m_Enabled: 1
  m_EditorHideFlags: 0
  m_Script: {fileID: 11500000, guid: ceb653cd98e289a4e8697a1af55201f2, type: 3}
  m_Name: 
  m_EditorClassIdentifier: 
  Path: event:/mg_samu_at_home_rescue_2
  guid: d9545fa6fb4aa441af7a3608d6f908aa
  Banks:
  - {fileID: 114938715867572676}
  IsStream: 0
  Is3D: 0
  IsOneShot: 1
  Parameters: []
  MinDistance: 0
  MaxDistance: 0
  Length: 2016
--- !u!114 &114675540510027934
MonoBehaviour:
  m_ObjectHideFlags: 0
  m_CorrespondingSourceObject: {fileID: 0}
  m_PrefabInternal: {fileID: 0}
  m_GameObject: {fileID: 0}
  m_Enabled: 1
  m_EditorHideFlags: 0
  m_Script: {fileID: 11500000, guid: ceb653cd98e289a4e8697a1af55201f2, type: 3}
  m_Name: 
  m_EditorClassIdentifier: 
  Path: event:/mini_game_win_3
  guid: aad540c9597b464b9968dc9043f43e91
  Banks:
  - {fileID: 114983296085383782}
  IsStream: 0
  Is3D: 0
  IsOneShot: 1
  Parameters: []
  MinDistance: 0
  MaxDistance: 0
  Length: 4008
--- !u!114 &114703425851007186
MonoBehaviour:
  m_ObjectHideFlags: 0
  m_CorrespondingSourceObject: {fileID: 0}
  m_PrefabInternal: {fileID: 0}
  m_GameObject: {fileID: 0}
  m_Enabled: 1
  m_EditorHideFlags: 0
  m_Script: {fileID: 11500000, guid: ceb653cd98e289a4e8697a1af55201f2, type: 3}
  m_Name: 
  m_EditorClassIdentifier: 
  Path: event:/btn_click
  guid: f05f588f5e15c24384764a9abe26efc5
  Banks:
  - {fileID: 114907157640822584}
  IsStream: 0
  Is3D: 0
  IsOneShot: 1
  Parameters: []
  MinDistance: 0
  MaxDistance: 0
  Length: 2037
--- !u!114 &114706865541007988
MonoBehaviour:
  m_ObjectHideFlags: 0
  m_CorrespondingSourceObject: {fileID: 0}
  m_PrefabInternal: {fileID: 0}
  m_GameObject: {fileID: 0}
  m_Enabled: 1
  m_EditorHideFlags: 0
  m_Script: {fileID: 11500000, guid: ceb653cd98e289a4e8697a1af55201f2, type: 3}
  m_Name: 
  m_EditorClassIdentifier: 
  Path: event:/mg_vigi_s_box_explosion
  guid: 36edc46e1ab91d448f8a7b5b07266d43
  Banks:
  - {fileID: 114442251505246814}
  IsStream: 0
  Is3D: 0
  IsOneShot: 1
  Parameters: []
  MinDistance: 0
  MaxDistance: 0
  Length: 1836
--- !u!114 &114714356929495366
MonoBehaviour:
  m_ObjectHideFlags: 0
  m_CorrespondingSourceObject: {fileID: 0}
  m_PrefabInternal: {fileID: 0}
  m_GameObject: {fileID: 0}
  m_Enabled: 1
  m_EditorHideFlags: 0
  m_Script: {fileID: 11500000, guid: ceb653cd98e289a4e8697a1af55201f2, type: 3}
  m_Name: 
  m_EditorClassIdentifier: 
  Path: event:/mg_mouth_h_place_piece_5
  guid: 1057609b6b0cbe4483779b2c8f51710e
  Banks:
  - {fileID: 114279991091786928}
  IsStream: 0
  Is3D: 0
  IsOneShot: 1
  Parameters: []
  MinDistance: 0
  MaxDistance: 0
  Length: 1176
--- !u!114 &114726698052512474
MonoBehaviour:
  m_ObjectHideFlags: 0
  m_CorrespondingSourceObject: {fileID: 0}
  m_PrefabInternal: {fileID: 0}
  m_GameObject: {fileID: 0}
  m_Enabled: 1
  m_EditorHideFlags: 0
  m_Script: {fileID: 11500000, guid: ceb653cd98e289a4e8697a1af55201f2, type: 3}
  m_Name: 
  m_EditorClassIdentifier: 
  Path: event:/mg_samu_at_home_drift
  guid: 5a014d92667f0f4bb4b8a79f9cd98ef3
  Banks:
  - {fileID: 114938715867572676}
  IsStream: 0
  Is3D: 0
  IsOneShot: 1
  Parameters: []
  MinDistance: 0
  MaxDistance: 0
  Length: 1752
--- !u!114 &114737046506793192
MonoBehaviour:
  m_ObjectHideFlags: 0
  m_CorrespondingSourceObject: {fileID: 0}
  m_PrefabInternal: {fileID: 0}
  m_GameObject: {fileID: 0}
  m_Enabled: 1
  m_EditorHideFlags: 0
  m_Script: {fileID: 11500000, guid: ceb653cd98e289a4e8697a1af55201f2, type: 3}
  m_Name: 
  m_EditorClassIdentifier: 
  Path: event:/mg_vaccination_doctor_voice_game_start
  guid: 672c52a8a4712a47aa652931f29ef968
  Banks:
  - {fileID: 114588124099126502}
  IsStream: 0
  Is3D: 0
  IsOneShot: 1
  Parameters: []
  MinDistance: 0
  MaxDistance: 0
  Length: 696
--- !u!114 &114738474133081148
MonoBehaviour:
  m_ObjectHideFlags: 0
  m_CorrespondingSourceObject: {fileID: 0}
  m_PrefabInternal: {fileID: 0}
  m_GameObject: {fileID: 0}
  m_Enabled: 1
  m_EditorHideFlags: 0
  m_Script: {fileID: 11500000, guid: ceb653cd98e289a4e8697a1af55201f2, type: 3}
  m_Name: 
  m_EditorClassIdentifier: 
  Path: event:/mg_vigi_s_fruit_explosion_semi_solid
  guid: 3177f5189713774a8067fc1daaa6c24a
  Banks:
  - {fileID: 114075828173303224}
  IsStream: 0
  Is3D: 0
  IsOneShot: 1
  Parameters: []
  MinDistance: 0
  MaxDistance: 0
  Length: 1836
--- !u!114 &114743314722991646
MonoBehaviour:
  m_ObjectHideFlags: 0
  m_CorrespondingSourceObject: {fileID: 0}
  m_PrefabInternal: {fileID: 0}
  m_GameObject: {fileID: 0}
  m_Enabled: 1
  m_EditorHideFlags: 0
  m_Script: {fileID: 11500000, guid: ceb653cd98e289a4e8697a1af55201f2, type: 3}
  m_Name: 
  m_EditorClassIdentifier: 
  Path: event:/mg_heart_t_during_transplant
  guid: 19fa4d08345e164cb73a0ed2da54b265
  Banks:
  - {fileID: 114156924491415830}
  IsStream: 0
  Is3D: 0
  IsOneShot: 0
  Parameters: []
  MinDistance: 0
  MaxDistance: 0
  Length: 9240
--- !u!114 &114744515420663208
MonoBehaviour:
  m_ObjectHideFlags: 0
  m_CorrespondingSourceObject: {fileID: 0}
  m_PrefabInternal: {fileID: 0}
  m_GameObject: {fileID: 0}
  m_Enabled: 1
  m_EditorHideFlags: 0
  m_Script: {fileID: 11500000, guid: ceb653cd98e289a4e8697a1af55201f2, type: 3}
  m_Name: 
  m_EditorClassIdentifier: 
  Path: event:/mg_vigi_s_flea_flying_around
  guid: 6c45d99aa4637b45b703d7bf0b29dd3d
  Banks:
  - {fileID: 114075828173303224}
  IsStream: 0
  Is3D: 0
  IsOneShot: 1
  Parameters: []
  MinDistance: 0
  MaxDistance: 0
  Length: 5472
--- !u!114 &114753317512446548
MonoBehaviour:
  m_ObjectHideFlags: 0
  m_CorrespondingSourceObject: {fileID: 0}
  m_PrefabInternal: {fileID: 0}
  m_GameObject: {fileID: 0}
  m_Enabled: 1
  m_EditorHideFlags: 0
  m_Script: {fileID: 11500000, guid: c18180ecb35941f4682ae60107b85b7c, type: 3}
  m_Name: 
  m_EditorClassIdentifier: 
  Path: "/Users/diego/Documents/Projetos/FioCruz EaD - Jogo - E agora cidada\u0303o/3_integrated_version/AudioProject/eac_audio_proj/Build/Desktop/Master
    Bank.bank"
  lastModified: 636776165730000000
  LoadResult: 0
  FileSizes:
  - Name: Desktop
    Value: 12474
  Exists: 1
--- !u!114 &114759019747522438
MonoBehaviour:
  m_ObjectHideFlags: 0
  m_CorrespondingSourceObject: {fileID: 0}
  m_PrefabInternal: {fileID: 0}
  m_GameObject: {fileID: 0}
  m_Enabled: 1
  m_EditorHideFlags: 0
  m_Script: {fileID: 11500000, guid: ceb653cd98e289a4e8697a1af55201f2, type: 3}
  m_Name: 
  m_EditorClassIdentifier: 
  Path: event:/mg_mouth_h_opened_mouth
  guid: 3e35d850bec55f4c85d8b2ed4fba9c87
  Banks:
  - {fileID: 114279991091786928}
  IsStream: 1
  Is3D: 0
  IsOneShot: 0
  Parameters: []
  MinDistance: 0
  MaxDistance: 0
  Length: 10800
--- !u!114 &114771363156435386
MonoBehaviour:
  m_ObjectHideFlags: 0
  m_CorrespondingSourceObject: {fileID: 0}
  m_PrefabInternal: {fileID: 0}
  m_GameObject: {fileID: 0}
  m_Enabled: 1
  m_EditorHideFlags: 0
  m_Script: {fileID: 11500000, guid: ceb653cd98e289a4e8697a1af55201f2, type: 3}
  m_Name: 
  m_EditorClassIdentifier: 
  Path: event:/mini_game_loss_2
  guid: a5de1b45ef870e49999381d0303d9fe9
  Banks:
  - {fileID: 114260252922075442}
  IsStream: 0
  Is3D: 0
  IsOneShot: 1
  Parameters: []
  MinDistance: 0
  MaxDistance: 0
  Length: 3120
--- !u!114 &114781960296163114
MonoBehaviour:
  m_ObjectHideFlags: 0
  m_CorrespondingSourceObject: {fileID: 0}
  m_PrefabInternal: {fileID: 0}
  m_GameObject: {fileID: 0}
  m_Enabled: 1
  m_EditorHideFlags: 0
  m_Script: {fileID: 11500000, guid: ceb653cd98e289a4e8697a1af55201f2, type: 3}
  m_Name: 
  m_EditorClassIdentifier: 
  Path: event:/mini_game_loss_3
  guid: 6d319f23825a1d4e9c6f5b76c8b97851
  Banks:
  - {fileID: 114260252922075442}
  IsStream: 0
  Is3D: 0
  IsOneShot: 1
  Parameters: []
  MinDistance: 0
  MaxDistance: 0
  Length: 3984
--- !u!114 &114783097618103372
MonoBehaviour:
  m_ObjectHideFlags: 0
  m_CorrespondingSourceObject: {fileID: 0}
  m_PrefabInternal: {fileID: 0}
  m_GameObject: {fileID: 0}
  m_Enabled: 1
  m_EditorHideFlags: 0
  m_Script: {fileID: 11500000, guid: ceb653cd98e289a4e8697a1af55201f2, type: 3}
  m_Name: 
  m_EditorClassIdentifier: 
  Path: event:/game_over_try_again
  guid: b0f69dda4d849f4daa0f166ee1485a7c
  Banks:
  - {fileID: 114092823715033386}
  IsStream: 0
  Is3D: 0
  IsOneShot: 1
  Parameters: []
  MinDistance: 0
  MaxDistance: 0
  Length: 7941
--- !u!114 &114803591899411980
MonoBehaviour:
  m_ObjectHideFlags: 0
  m_CorrespondingSourceObject: {fileID: 0}
  m_PrefabInternal: {fileID: 0}
  m_GameObject: {fileID: 0}
  m_Enabled: 1
  m_EditorHideFlags: 0
  m_Script: {fileID: 11500000, guid: ceb653cd98e289a4e8697a1af55201f2, type: 3}
  m_Name: 
  m_EditorClassIdentifier: 
  Path: event:/mg_vaccination_wrong_hit_1
  guid: 1c20a163473f684aad4b2e857d276572
  Banks:
  - {fileID: 114866939494262762}
  IsStream: 0
  Is3D: 0
  IsOneShot: 1
  Parameters: []
  MinDistance: 0
  MaxDistance: 0
  Length: 1200
--- !u!114 &114811624895781616
MonoBehaviour:
  m_ObjectHideFlags: 0
  m_CorrespondingSourceObject: {fileID: 0}
  m_PrefabInternal: {fileID: 0}
  m_GameObject: {fileID: 0}
  m_Enabled: 1
  m_EditorHideFlags: 0
  m_Script: {fileID: 11500000, guid: ceb653cd98e289a4e8697a1af55201f2, type: 3}
  m_Name: 
  m_EditorClassIdentifier: 
  Path: event:/mg_vigi_s_fruit_explosion_solid
  guid: 3da68b635519d343930d1ea0753ac60c
  Banks:
  - {fileID: 114442251505246814}
  IsStream: 0
  Is3D: 0
  IsOneShot: 1
  Parameters: []
  MinDistance: 0
  MaxDistance: 0
  Length: 1836
--- !u!114 &114814575914171926
MonoBehaviour:
  m_ObjectHideFlags: 0
  m_CorrespondingSourceObject: {fileID: 0}
  m_PrefabInternal: {fileID: 0}
  m_GameObject: {fileID: 0}
  m_Enabled: 1
  m_EditorHideFlags: 0
  m_Script: {fileID: 11500000, guid: ceb653cd98e289a4e8697a1af55201f2, type: 3}
  m_Name: 
  m_EditorClassIdentifier: 
  Path: event:/mg_heart_t_grabbing_heart
  guid: 70c1fae5b291944c9c99764d3205c545
  Banks:
  - {fileID: 114106701472319246}
  IsStream: 0
  Is3D: 0
  IsOneShot: 1
  Parameters: []
  MinDistance: 0
  MaxDistance: 0
  Length: 1560
--- !u!114 &114817227139009634
MonoBehaviour:
  m_ObjectHideFlags: 0
  m_CorrespondingSourceObject: {fileID: 0}
  m_PrefabInternal: {fileID: 0}
  m_GameObject: {fileID: 0}
  m_Enabled: 1
  m_EditorHideFlags: 0
  m_Script: {fileID: 11500000, guid: ceb653cd98e289a4e8697a1af55201f2, type: 3}
  m_Name: 
  m_EditorClassIdentifier: 
  Path: event:/mg_vigi_s_fruit_explosion_semi_solid
  guid: 3177f5189713774a8067fc1daaa6c24a
  Banks:
  - {fileID: 114442251505246814}
  IsStream: 0
  Is3D: 0
  IsOneShot: 1
  Parameters: []
  MinDistance: 0
  MaxDistance: 0
  Length: 1836
--- !u!114 &114844949686517046
MonoBehaviour:
  m_ObjectHideFlags: 0
  m_CorrespondingSourceObject: {fileID: 0}
  m_PrefabInternal: {fileID: 0}
  m_GameObject: {fileID: 0}
  m_Enabled: 1
  m_EditorHideFlags: 0
  m_Script: {fileID: 11500000, guid: ceb653cd98e289a4e8697a1af55201f2, type: 3}
  m_Name: 
  m_EditorClassIdentifier: 
  Path: event:/mini_game_loss_2
  guid: a5de1b45ef870e49999381d0303d9fe9
  Banks:
  - {fileID: 114983296085383782}
  IsStream: 0
  Is3D: 0
  IsOneShot: 1
  Parameters: []
  MinDistance: 0
  MaxDistance: 0
  Length: 2100
--- !u!114 &114845909863448150
MonoBehaviour:
  m_ObjectHideFlags: 0
  m_CorrespondingSourceObject: {fileID: 0}
  m_PrefabInternal: {fileID: 0}
  m_GameObject: {fileID: 0}
  m_Enabled: 1
  m_EditorHideFlags: 0
  m_Script: {fileID: 11500000, guid: c18180ecb35941f4682ae60107b85b7c, type: 3}
  m_Name: 
  m_EditorClassIdentifier: 
  Path: "/Users/diego/Documents/Projects/FioCruz EaD - Jogo - E agora cidada\u0303o/3_integrated_version/AudioProject/eac_audio_proj/Build/Desktop/ui_bank.bank"
  lastModified: 636749327300000000
  LoadResult: 0
  FileSizes:
  - Name: Desktop
    Value: 33984
  Exists: 1
--- !u!114 &114858961473193262
MonoBehaviour:
  m_ObjectHideFlags: 0
  m_CorrespondingSourceObject: {fileID: 0}
  m_PrefabInternal: {fileID: 0}
  m_GameObject: {fileID: 0}
  m_Enabled: 1
  m_EditorHideFlags: 0
  m_Script: {fileID: 11500000, guid: ceb653cd98e289a4e8697a1af55201f2, type: 3}
  m_Name: 
  m_EditorClassIdentifier: 
  Path: event:/btn_click_start_game
  guid: bc498d7f5811ef478a7fc6c45d10d4ab
  Banks:
  - {fileID: 114907157640822584}
  IsStream: 0
  Is3D: 0
  IsOneShot: 1
  Parameters: []
  MinDistance: 0
  MaxDistance: 0
  Length: 2899
--- !u!114 &114862482340198888
MonoBehaviour:
  m_ObjectHideFlags: 0
  m_CorrespondingSourceObject: {fileID: 0}
  m_PrefabInternal: {fileID: 0}
  m_GameObject: {fileID: 0}
  m_Enabled: 1
  m_EditorHideFlags: 0
  m_Script: {fileID: 11500000, guid: ceb653cd98e289a4e8697a1af55201f2, type: 3}
  m_Name: 
  m_EditorClassIdentifier: 
  Path: event:/mg_heart_t_grabbing_heart
  guid: 70c1fae5b291944c9c99764d3205c545
  Banks:
  - {fileID: 114156924491415830}
  IsStream: 0
  Is3D: 0
  IsOneShot: 1
  Parameters: []
  MinDistance: 0
  MaxDistance: 0
  Length: 1560
--- !u!114 &114866939494262762
MonoBehaviour:
  m_ObjectHideFlags: 0
  m_CorrespondingSourceObject: {fileID: 0}
  m_PrefabInternal: {fileID: 0}
  m_GameObject: {fileID: 0}
  m_Enabled: 1
  m_EditorHideFlags: 0
  m_Script: {fileID: 11500000, guid: c18180ecb35941f4682ae60107b85b7c, type: 3}
  m_Name: 
  m_EditorClassIdentifier: 
  Path: "/Users/diego/Documents/Projects/FioCruz EaD - Jogo - E agora cidada\u0303o/3_integrated_version/AudioProject/eac_audio_proj/Build/Desktop/mg_vaccination.bank"
  lastModified: 636749327310000000
  LoadResult: 0
  FileSizes:
  - Name: Desktop
    Value: 61856
  Exists: 1
--- !u!114 &114868295513894010
MonoBehaviour:
  m_ObjectHideFlags: 0
  m_CorrespondingSourceObject: {fileID: 0}
  m_PrefabInternal: {fileID: 0}
  m_GameObject: {fileID: 0}
  m_Enabled: 1
  m_EditorHideFlags: 0
  m_Script: {fileID: 11500000, guid: ceb653cd98e289a4e8697a1af55201f2, type: 3}
  m_Name: 
  m_EditorClassIdentifier: 
  Path: event:/game_over_exit
  guid: 05179b9c72c6fd4b91462c16a83f273c
  Banks:
  - {fileID: 114092823715033386}
  IsStream: 0
  Is3D: 0
  IsOneShot: 1
  Parameters: []
  MinDistance: 0
  MaxDistance: 0
  Length: 7915
--- !u!114 &114903691141440958
MonoBehaviour:
  m_ObjectHideFlags: 0
  m_CorrespondingSourceObject: {fileID: 0}
  m_PrefabInternal: {fileID: 0}
  m_GameObject: {fileID: 0}
  m_Enabled: 1
  m_EditorHideFlags: 0
  m_Script: {fileID: 11500000, guid: ceb653cd98e289a4e8697a1af55201f2, type: 3}
  m_Name: 
  m_EditorClassIdentifier: 
  Path: event:/mg_samu_at_home_rescue_3
  guid: aea550358461364aaf894b56073f0048
  Banks:
  - {fileID: 114938715867572676}
  IsStream: 0
  Is3D: 0
  IsOneShot: 1
  Parameters: []
  MinDistance: 0
  MaxDistance: 0
  Length: 2208
--- !u!114 &114907157640822584
MonoBehaviour:
  m_ObjectHideFlags: 0
  m_CorrespondingSourceObject: {fileID: 0}
  m_PrefabInternal: {fileID: 0}
  m_GameObject: {fileID: 0}
  m_Enabled: 1
  m_EditorHideFlags: 0
  m_Script: {fileID: 11500000, guid: c18180ecb35941f4682ae60107b85b7c, type: 3}
  m_Name: 
  m_EditorClassIdentifier: 
  Path: "/Users/diego/Documents/Projetos/FioCruz EaD - Jogo - E agora cidada\u0303o/3_integrated_version/AudioProject/eac_audio_proj/Build/Desktop/ui_bank.bank"
  lastModified: 636776165730000000
  LoadResult: 0
  FileSizes:
  - Name: Desktop
    Value: 33984
  Exists: 1
--- !u!114 &114911466480387922
MonoBehaviour:
  m_ObjectHideFlags: 0
  m_CorrespondingSourceObject: {fileID: 0}
  m_PrefabInternal: {fileID: 0}
  m_GameObject: {fileID: 0}
  m_Enabled: 1
  m_EditorHideFlags: 0
  m_Script: {fileID: 11500000, guid: c18180ecb35941f4682ae60107b85b7c, type: 3}
  m_Name: 
  m_EditorClassIdentifier: 
  Path: "/Users/diego/Documents/Projects/FioCruz EaD - Jogo - E agora cidada\u0303o/3_integrated_version/AudioProject/eac_audio_proj/Build/Desktop/Master
    Bank.strings.bank"
  lastModified: 636749327280000000
  LoadResult: 0
  FileSizes:
  - Name: Desktop
    Value: 2340
  Exists: 1
--- !u!114 &114917658719413868
MonoBehaviour:
  m_ObjectHideFlags: 0
  m_CorrespondingSourceObject: {fileID: 0}
  m_PrefabInternal: {fileID: 0}
  m_GameObject: {fileID: 0}
  m_Enabled: 1
  m_EditorHideFlags: 0
  m_Script: {fileID: 11500000, guid: ceb653cd98e289a4e8697a1af55201f2, type: 3}
  m_Name: 
  m_EditorClassIdentifier: 
  Path: event:/mg_mouth_h_place_piece_3
  guid: 6eff923e8aecf94d86b00d1d9fb28e59
  Banks:
  - {fileID: 114279991091786928}
  IsStream: 0
  Is3D: 0
  IsOneShot: 1
  Parameters: []
  MinDistance: 0
  MaxDistance: 0
  Length: 1176
--- !u!114 &114927448902876928
MonoBehaviour:
  m_ObjectHideFlags: 0
  m_CorrespondingSourceObject: {fileID: 0}
  m_PrefabInternal: {fileID: 0}
  m_GameObject: {fileID: 0}
  m_Enabled: 1
  m_EditorHideFlags: 0
  m_Script: {fileID: 11500000, guid: ceb653cd98e289a4e8697a1af55201f2, type: 3}
  m_Name: 
  m_EditorClassIdentifier: 
  Path: event:/mini_game_win_3
  guid: aad540c9597b464b9968dc9043f43e91
  Banks:
  - {fileID: 114260252922075442}
  IsStream: 0
  Is3D: 0
  IsOneShot: 1
  Parameters: []
  MinDistance: 0
  MaxDistance: 0
  Length: 4008
--- !u!114 &114938715867572676
MonoBehaviour:
  m_ObjectHideFlags: 0
  m_CorrespondingSourceObject: {fileID: 0}
  m_PrefabInternal: {fileID: 0}
  m_GameObject: {fileID: 0}
  m_Enabled: 1
  m_EditorHideFlags: 0
  m_Script: {fileID: 11500000, guid: c18180ecb35941f4682ae60107b85b7c, type: 3}
  m_Name: 
  m_EditorClassIdentifier: 
  Path: "/Users/diego/Documents/Projetos/FioCruz EaD - Jogo - E agora cidada\u0303o/3_integrated_version/AudioProject/eac_audio_proj/Build/Desktop/mg_samu_at_home.bank"
  lastModified: 636776165730000000
  LoadResult: 0
  FileSizes:
  - Name: Desktop
    Value: 158976
  Exists: 1
--- !u!114 &114946053030605988
MonoBehaviour:
  m_ObjectHideFlags: 0
  m_CorrespondingSourceObject: {fileID: 0}
  m_PrefabInternal: {fileID: 0}
  m_GameObject: {fileID: 0}
  m_Enabled: 1
  m_EditorHideFlags: 0
  m_Script: {fileID: 11500000, guid: ceb653cd98e289a4e8697a1af55201f2, type: 3}
  m_Name: 
  m_EditorClassIdentifier: 
  Path: event:/mg_vigi_s_flea_leaving
  guid: af6b678024a97546a1f637d1915cac66
  Banks:
  - {fileID: 114075828173303224}
  IsStream: 0
  Is3D: 0
  IsOneShot: 1
  Parameters: []
  MinDistance: 0
  MaxDistance: 0
  Length: 1800
--- !u!114 &114969734951148638
MonoBehaviour:
  m_ObjectHideFlags: 0
  m_CorrespondingSourceObject: {fileID: 0}
  m_PrefabInternal: {fileID: 0}
  m_GameObject: {fileID: 0}
  m_Enabled: 1
  m_EditorHideFlags: 0
  m_Script: {fileID: 11500000, guid: c18180ecb35941f4682ae60107b85b7c, type: 3}
  m_Name: 
  m_EditorClassIdentifier: 
  Path: "/Users/diego/Documents/Projetos/FioCruz EaD - Jogo - E agora cidada\u0303o/3_integrated_version/AudioProject/eac_audio_proj/Build/Desktop/global_bank.bank"
  lastModified: 636776165730000000
  LoadResult: 0
  FileSizes:
  - Name: Desktop
    Value: 2266304
  Exists: 1
--- !u!114 &114977686457699106
MonoBehaviour:
  m_ObjectHideFlags: 0
  m_CorrespondingSourceObject: {fileID: 0}
  m_PrefabInternal: {fileID: 0}
  m_GameObject: {fileID: 0}
  m_Enabled: 1
  m_EditorHideFlags: 0
  m_Script: {fileID: 11500000, guid: ceb653cd98e289a4e8697a1af55201f2, type: 3}
  m_Name: 
  m_EditorClassIdentifier: 
  Path: event:/btn_click_start_game
  guid: bc498d7f5811ef478a7fc6c45d10d4ab
  Banks:
  - {fileID: 114845909863448150}
  IsStream: 0
  Is3D: 0
  IsOneShot: 1
  Parameters: []
  MinDistance: 0
  MaxDistance: 0
  Length: 2899
--- !u!114 &114980684486853706
MonoBehaviour:
  m_ObjectHideFlags: 0
  m_CorrespondingSourceObject: {fileID: 0}
  m_PrefabInternal: {fileID: 0}
  m_GameObject: {fileID: 0}
  m_Enabled: 1
  m_EditorHideFlags: 0
  m_Script: {fileID: 11500000, guid: ceb653cd98e289a4e8697a1af55201f2, type: 3}
  m_Name: 
  m_EditorClassIdentifier: 
  Path: event:/mg_vaccination_wrong_hit_3
  guid: 154a8a9121a8e049b622bf15002bf9ad
  Banks:
  - {fileID: 114588124099126502}
  IsStream: 0
  Is3D: 0
  IsOneShot: 1
  Parameters: []
  MinDistance: 0
  MaxDistance: 0
  Length: 1200
--- !u!114 &114983296085383782
MonoBehaviour:
  m_ObjectHideFlags: 0
  m_CorrespondingSourceObject: {fileID: 0}
  m_PrefabInternal: {fileID: 0}
  m_GameObject: {fileID: 0}
  m_Enabled: 1
  m_EditorHideFlags: 0
  m_Script: {fileID: 11500000, guid: c18180ecb35941f4682ae60107b85b7c, type: 3}
  m_Name: 
  m_EditorClassIdentifier: 
  Path: "/Users/diego/Documents/Projetos/FioCruz EaD - Jogo - E agora cidada\u0303o/3_integrated_version/AudioProject/eac_audio_proj/Build/Desktop/mini_games.bank"
  lastModified: 636776165730000000
  LoadResult: 0
  FileSizes:
  - Name: Desktop
    Value: 216000
  Exists: 1
