%YAML 1.1
%TAG !u! tag:unity3d.com,2011:
--- !u!29 &1
OcclusionCullingSettings:
  m_ObjectHideFlags: 0
  serializedVersion: 2
  m_OcclusionBakeSettings:
    smallestOccluder: 5
    smallestHole: 0.25
    backfaceThreshold: 100
  m_SceneGUID: 00000000000000000000000000000000
  m_OcclusionCullingData: {fileID: 0}
--- !u!104 &2
RenderSettings:
  m_ObjectHideFlags: 0
  serializedVersion: 9
  m_Fog: 0
  m_FogColor: {r: 0.5, g: 0.5, b: 0.5, a: 1}
  m_FogMode: 3
  m_FogDensity: 0.01
  m_LinearFogStart: 0
  m_LinearFogEnd: 300
  m_AmbientSkyColor: {r: 0.212, g: 0.227, b: 0.259, a: 1}
  m_AmbientEquatorColor: {r: 0.114, g: 0.125, b: 0.133, a: 1}
  m_AmbientGroundColor: {r: 0.047, g: 0.043, b: 0.035, a: 1}
  m_AmbientIntensity: 1
  m_AmbientMode: 3
  m_SubtractiveShadowColor: {r: 0.42, g: 0.478, b: 0.627, a: 1}
  m_SkyboxMaterial: {fileID: 0}
  m_HaloStrength: 0.5
  m_FlareStrength: 1
  m_FlareFadeSpeed: 3
  m_HaloTexture: {fileID: 0}
  m_SpotCookie: {fileID: 10001, guid: 0000000000000000e000000000000000, type: 0}
  m_DefaultReflectionMode: 0
  m_DefaultReflectionResolution: 128
  m_ReflectionBounces: 1
  m_ReflectionIntensity: 1
  m_CustomReflection: {fileID: 0}
  m_Sun: {fileID: 0}
  m_IndirectSpecularColor: {r: 0, g: 0, b: 0, a: 1}
  m_UseRadianceAmbientProbe: 0
--- !u!157 &3
LightmapSettings:
  m_ObjectHideFlags: 0
  serializedVersion: 11
  m_GIWorkflowMode: 1
  m_GISettings:
    serializedVersion: 2
    m_BounceScale: 1
    m_IndirectOutputScale: 1
    m_AlbedoBoost: 1
    m_TemporalCoherenceThreshold: 1
    m_EnvironmentLightingMode: 0
    m_EnableBakedLightmaps: 0
    m_EnableRealtimeLightmaps: 0
  m_LightmapEditorSettings:
    serializedVersion: 10
    m_Resolution: 2
    m_BakeResolution: 40
    m_AtlasSize: 1024
    m_AO: 0
    m_AOMaxDistance: 1
    m_CompAOExponent: 1
    m_CompAOExponentDirect: 0
    m_Padding: 2
    m_LightmapParameters: {fileID: 0}
    m_LightmapsBakeMode: 1
    m_TextureCompression: 1
    m_FinalGather: 0
    m_FinalGatherFiltering: 1
    m_FinalGatherRayCount: 256
    m_ReflectionCompression: 2
    m_MixedBakeMode: 2
    m_BakeBackend: 0
    m_PVRSampling: 1
    m_PVRDirectSampleCount: 32
    m_PVRSampleCount: 500
    m_PVRBounces: 2
    m_PVRFilterTypeDirect: 0
    m_PVRFilterTypeIndirect: 0
    m_PVRFilterTypeAO: 0
    m_PVRFilteringMode: 1
    m_PVRCulling: 1
    m_PVRFilteringGaussRadiusDirect: 1
    m_PVRFilteringGaussRadiusIndirect: 5
    m_PVRFilteringGaussRadiusAO: 2
    m_PVRFilteringAtrousPositionSigmaDirect: 0.5
    m_PVRFilteringAtrousPositionSigmaIndirect: 2
    m_PVRFilteringAtrousPositionSigmaAO: 1
    m_ShowResolutionOverlay: 1
  m_LightingDataAsset: {fileID: 0}
  m_UseShadowmask: 1
--- !u!196 &4
NavMeshSettings:
  serializedVersion: 2
  m_ObjectHideFlags: 0
  m_BuildSettings:
    serializedVersion: 2
    agentTypeID: 0
    agentRadius: 0.5
    agentHeight: 2
    agentSlope: 45
    agentClimb: 0.4
    ledgeDropHeight: 0
    maxJumpAcrossDistance: 0
    minRegionArea: 2
    manualCellSize: 0
    cellSize: 0.16666667
    manualTileSize: 0
    tileSize: 256
    accuratePlacement: 0
    debug:
      m_Flags: 0
  m_NavMeshData: {fileID: 0}
--- !u!1 &164346300
GameObject:
  m_ObjectHideFlags: 0
  m_CorrespondingSourceObject: {fileID: 0}
  m_PrefabInternal: {fileID: 0}
  serializedVersion: 6
  m_Component:
  - component: {fileID: 164346303}
  - component: {fileID: 164346302}
  - component: {fileID: 164346301}
  m_Layer: 0
  m_Name: EventSystem
  m_TagString: Untagged
  m_Icon: {fileID: 0}
  m_NavMeshLayer: 0
  m_StaticEditorFlags: 0
  m_IsActive: 1
--- !u!114 &164346301
MonoBehaviour:
  m_ObjectHideFlags: 0
  m_CorrespondingSourceObject: {fileID: 0}
  m_PrefabInternal: {fileID: 0}
  m_GameObject: {fileID: 164346300}
  m_Enabled: 1
  m_EditorHideFlags: 0
  m_Script: {fileID: 1077351063, guid: f70555f144d8491a825f0804e09c671c, type: 3}
  m_Name: 
  m_EditorClassIdentifier: 
  m_HorizontalAxis: Horizontal
  m_VerticalAxis: Vertical
  m_SubmitButton: Submit
  m_CancelButton: Cancel
  m_InputActionsPerSecond: 10
  m_RepeatDelay: 0.5
  m_ForceModuleActive: 0
--- !u!114 &164346302
MonoBehaviour:
  m_ObjectHideFlags: 0
  m_CorrespondingSourceObject: {fileID: 0}
  m_PrefabInternal: {fileID: 0}
  m_GameObject: {fileID: 164346300}
  m_Enabled: 1
  m_EditorHideFlags: 0
  m_Script: {fileID: -619905303, guid: f70555f144d8491a825f0804e09c671c, type: 3}
  m_Name: 
  m_EditorClassIdentifier: 
  m_FirstSelected: {fileID: 0}
  m_sendNavigationEvents: 1
  m_DragThreshold: 10
--- !u!4 &164346303
Transform:
  m_ObjectHideFlags: 0
  m_CorrespondingSourceObject: {fileID: 0}
  m_PrefabInternal: {fileID: 0}
  m_GameObject: {fileID: 164346300}
  m_LocalRotation: {x: 0, y: 0, z: 0, w: 1}
  m_LocalPosition: {x: 0, y: 0, z: 0}
  m_LocalScale: {x: 1, y: 1, z: 1}
  m_Children: []
  m_Father: {fileID: 0}
  m_RootOrder: 2
  m_LocalEulerAnglesHint: {x: 0, y: 0, z: 0}
--- !u!1 &548003865
GameObject:
  m_ObjectHideFlags: 0
  m_CorrespondingSourceObject: {fileID: 0}
  m_PrefabInternal: {fileID: 0}
  serializedVersion: 6
  m_Component:
  - component: {fileID: 548003867}
  - component: {fileID: 548003866}
  m_Layer: 0
  m_Name: Force Camera Ratios
  m_TagString: Untagged
  m_Icon: {fileID: 0}
  m_NavMeshLayer: 0
  m_StaticEditorFlags: 0
  m_IsActive: 1
--- !u!114 &548003866
MonoBehaviour:
  m_ObjectHideFlags: 0
  m_CorrespondingSourceObject: {fileID: 0}
  m_PrefabInternal: {fileID: 0}
  m_GameObject: {fileID: 548003865}
  m_Enabled: 1
  m_EditorHideFlags: 0
  m_Script: {fileID: 11500000, guid: e188ee899633d0b49870a5ae38b7359d, type: 3}
  m_Name: 
  m_EditorClassIdentifier: 
  ratio: {x: 16, y: 9}
  forceRatioOnAwake: 1
  listenForWindowChanges: 1
  createCameraForLetterBoxRendering: 0
  findCamerasAutomatically: 1
  letterBoxCameraColor: {r: 0, g: 0, b: 0, a: 1}
  cameras: []
  letterBoxCamera: {fileID: 1314561818}
--- !u!4 &548003867
Transform:
  m_ObjectHideFlags: 0
  m_CorrespondingSourceObject: {fileID: 0}
  m_PrefabInternal: {fileID: 0}
  m_GameObject: {fileID: 548003865}
  m_LocalRotation: {x: 0, y: 0, z: 0, w: 1}
  m_LocalPosition: {x: 0, y: 0, z: 0}
  m_LocalScale: {x: 1, y: 1, z: 1}
  m_Children: []
  m_Father: {fileID: 0}
  m_RootOrder: 1
  m_LocalEulerAnglesHint: {x: 0, y: 0, z: 0}
--- !u!1 &1205203034
GameObject:
  m_ObjectHideFlags: 0
  m_CorrespondingSourceObject: {fileID: 0}
  m_PrefabInternal: {fileID: 0}
  serializedVersion: 6
  m_Component:
  - component: {fileID: 1205203035}
  m_Layer: 5
  m_Name: Backgrounds
  m_TagString: Untagged
  m_Icon: {fileID: 0}
  m_NavMeshLayer: 0
  m_StaticEditorFlags: 0
  m_IsActive: 1
--- !u!4 &1205203035
Transform:
  m_ObjectHideFlags: 0
  m_CorrespondingSourceObject: {fileID: 0}
  m_PrefabInternal: {fileID: 0}
  m_GameObject: {fileID: 1205203034}
  m_LocalRotation: {x: -0, y: -0, z: -0, w: 1}
  m_LocalPosition: {x: -76, y: 61, z: -1}
  m_LocalScale: {x: 48, y: 48, z: 48}
  m_Children:
  - {fileID: 1744794730}
  m_Father: {fileID: 1998394911}
  m_RootOrder: 0
  m_LocalEulerAnglesHint: {x: 0, y: 0, z: 0}
--- !u!1 &1249836948
GameObject:
  m_ObjectHideFlags: 0
  m_CorrespondingSourceObject: {fileID: 0}
  m_PrefabInternal: {fileID: 0}
  serializedVersion: 6
  m_Component:
  - component: {fileID: 1249836950}
  - component: {fileID: 1249836949}
  m_Layer: 0
  m_Name: Directional Light
  m_TagString: Untagged
  m_Icon: {fileID: 0}
  m_NavMeshLayer: 0
  m_StaticEditorFlags: 0
  m_IsActive: 1
--- !u!108 &1249836949
Light:
  m_ObjectHideFlags: 0
  m_CorrespondingSourceObject: {fileID: 0}
  m_PrefabInternal: {fileID: 0}
  m_GameObject: {fileID: 1249836948}
  m_Enabled: 1
  serializedVersion: 8
  m_Type: 1
  m_Color: {r: 1, g: 1, b: 1, a: 1}
  m_Intensity: 1
  m_Range: 10
  m_SpotAngle: 30
  m_CookieSize: 10
  m_Shadows:
    m_Type: 0
    m_Resolution: -1
    m_CustomResolution: -1
    m_Strength: 1
    m_Bias: 0.05
    m_NormalBias: 0.4
    m_NearPlane: 0.2
  m_Cookie: {fileID: 0}
  m_DrawHalo: 0
  m_Flare: {fileID: 0}
  m_RenderMode: 0
  m_CullingMask:
    serializedVersion: 2
    m_Bits: 4294967295
  m_Lightmapping: 4
  m_LightShadowCasterMode: 0
  m_AreaSize: {x: 1, y: 1}
  m_BounceIntensity: 1
  m_ColorTemperature: 6570
  m_UseColorTemperature: 0
  m_ShadowRadius: 0
  m_ShadowAngle: 0
--- !u!4 &1249836950
Transform:
  m_ObjectHideFlags: 0
  m_CorrespondingSourceObject: {fileID: 0}
  m_PrefabInternal: {fileID: 0}
  m_GameObject: {fileID: 1249836948}
  m_LocalRotation: {x: 0.40821788, y: -0.23456968, z: 0.10938163, w: 0.8754261}
  m_LocalPosition: {x: 2.51, y: 5.03, z: -80.42}
  m_LocalScale: {x: 1, y: 1, z: 1}
  m_Children: []
  m_Father: {fileID: 0}
  m_RootOrder: 3
  m_LocalEulerAnglesHint: {x: 50, y: -30, z: 0}
--- !u!1 &1275828175
GameObject:
  m_ObjectHideFlags: 0
  m_CorrespondingSourceObject: {fileID: 0}
  m_PrefabInternal: {fileID: 0}
  serializedVersion: 6
  m_Component:
  - component: {fileID: 1275828176}
  - component: {fileID: 1275828178}
  - component: {fileID: 1275828177}
  m_Layer: 5
  m_Name: LblPressToStart
  m_TagString: Untagged
  m_Icon: {fileID: 0}
  m_NavMeshLayer: 0
  m_StaticEditorFlags: 0
  m_IsActive: 1
--- !u!224 &1275828176
RectTransform:
  m_ObjectHideFlags: 0
  m_CorrespondingSourceObject: {fileID: 0}
  m_PrefabInternal: {fileID: 0}
  m_GameObject: {fileID: 1275828175}
  m_LocalRotation: {x: -0, y: -0, z: -0, w: 1}
  m_LocalPosition: {x: 0, y: 0, z: 1}
  m_LocalScale: {x: 1, y: 1, z: 1}
  m_Children: []
  m_Father: {fileID: 1281636970}
  m_RootOrder: 1
  m_LocalEulerAnglesHint: {x: 0, y: 0, z: 0}
  m_AnchorMin: {x: 0.5, y: 0.5}
  m_AnchorMax: {x: 0.5, y: 0.5}
  m_AnchoredPosition: {x: -7, y: -186}
  m_SizeDelta: {x: 356.5, y: 65.9}
  m_Pivot: {x: 0.5, y: 0.5}
--- !u!114 &1275828177
MonoBehaviour:
  m_ObjectHideFlags: 0
  m_CorrespondingSourceObject: {fileID: 0}
  m_PrefabInternal: {fileID: 0}
  m_GameObject: {fileID: 1275828175}
  m_Enabled: 1
  m_EditorHideFlags: 0
  m_Script: {fileID: 708705254, guid: f70555f144d8491a825f0804e09c671c, type: 3}
  m_Name: 
  m_EditorClassIdentifier: 
  m_Material: {fileID: 0}
  m_Color: {r: 0.19607843, g: 0.19607843, b: 0.19607843, a: 1}
  m_RaycastTarget: 1
  m_OnCullStateChanged:
    m_PersistentCalls:
      m_Calls: []
    m_TypeName: UnityEngine.UI.MaskableGraphic+CullStateChangedEvent, UnityEngine.UI,
      Version=1.0.0.0, Culture=neutral, PublicKeyToken=null
  m_FontData:
    m_Font: {fileID: 12800000, guid: 120411845b72d40e19fcccf319acfefd, type: 3}
    m_FontSize: 25
    m_FontStyle: 0
    m_BestFit: 0
    m_MinSize: 0
    m_MaxSize: 40
    m_Alignment: 4
    m_AlignByGeometry: 0
    m_RichText: 0
    m_HorizontalOverflow: 0
    m_VerticalOverflow: 0
    m_LineSpacing: 1
  m_Text: "aperte para come\xE7ar"
--- !u!222 &1275828178
CanvasRenderer:
  m_ObjectHideFlags: 0
  m_CorrespondingSourceObject: {fileID: 0}
  m_PrefabInternal: {fileID: 0}
  m_GameObject: {fileID: 1275828175}
  m_CullTransparentMesh: 0
--- !u!1 &1281636969
GameObject:
  m_ObjectHideFlags: 0
  m_CorrespondingSourceObject: {fileID: 0}
  m_PrefabInternal: {fileID: 0}
  serializedVersion: 6
  m_Component:
  - component: {fileID: 1281636970}
  m_Layer: 5
  m_Name: Foreground
  m_TagString: Untagged
  m_Icon: {fileID: 0}
  m_NavMeshLayer: 0
  m_StaticEditorFlags: 0
  m_IsActive: 1
--- !u!224 &1281636970
RectTransform:
  m_ObjectHideFlags: 0
  m_CorrespondingSourceObject: {fileID: 0}
  m_PrefabInternal: {fileID: 0}
  m_GameObject: {fileID: 1281636969}
  m_LocalRotation: {x: 0, y: 0, z: 0, w: 1}
  m_LocalPosition: {x: 0, y: 0, z: 0}
  m_LocalScale: {x: 1, y: 1, z: 1}
  m_Children:
  - {fileID: 1936567926}
  - {fileID: 1275828176}
  m_Father: {fileID: 1998394911}
  m_RootOrder: 1
  m_LocalEulerAnglesHint: {x: 0, y: 0, z: 0}
  m_AnchorMin: {x: 0.5, y: 0.5}
  m_AnchorMax: {x: 0.5, y: 0.5}
  m_AnchoredPosition: {x: 0, y: 0}
  m_SizeDelta: {x: 100, y: 100}
  m_Pivot: {x: 0.5, y: 0.5}
--- !u!1 &1314561815
GameObject:
  m_ObjectHideFlags: 0
  m_CorrespondingSourceObject: {fileID: 0}
  m_PrefabInternal: {fileID: 0}
  serializedVersion: 6
  m_Component:
  - component: {fileID: 1314561819}
  - component: {fileID: 1314561818}
  - component: {fileID: 1314561817}
  - component: {fileID: 1314561816}
  m_Layer: 0
  m_Name: Main Camera
  m_TagString: MainCamera
  m_Icon: {fileID: 0}
  m_NavMeshLayer: 0
  m_StaticEditorFlags: 0
  m_IsActive: 1
--- !u!114 &1314561816
MonoBehaviour:
  m_ObjectHideFlags: 0
  m_CorrespondingSourceObject: {fileID: 0}
  m_PrefabInternal: {fileID: 0}
  m_GameObject: {fileID: 1314561815}
  m_Enabled: 1
  m_EditorHideFlags: 0
  m_Script: {fileID: 11500000, guid: 86c6556701af9e04380698b89f691b6e, type: 3}
  m_Name: 
  m_EditorClassIdentifier: 
  ListenerNumber: 0
--- !u!124 &1314561817
Behaviour:
  m_ObjectHideFlags: 0
  m_CorrespondingSourceObject: {fileID: 0}
  m_PrefabInternal: {fileID: 0}
  m_GameObject: {fileID: 1314561815}
  m_Enabled: 1
--- !u!20 &1314561818
Camera:
  m_ObjectHideFlags: 0
  m_CorrespondingSourceObject: {fileID: 0}
  m_PrefabInternal: {fileID: 0}
  m_GameObject: {fileID: 1314561815}
  m_Enabled: 1
  serializedVersion: 2
  m_ClearFlags: 1
  m_BackGroundColor: {r: 0, g: 0, b: 0, a: 0}
  m_projectionMatrixMode: 1
  m_SensorSize: {x: 36, y: 24}
  m_LensShift: {x: 0, y: 0}
  m_FocalLength: 50
  m_NormalizedViewPortRect:
    serializedVersion: 2
    x: 0
    y: 0
    width: 1
    height: 1
  near clip plane: 0.3
  far clip plane: 1000
  field of view: 26.991467
  orthographic: 1
  orthographic size: 5
  m_Depth: -1
  m_CullingMask:
    serializedVersion: 2
    m_Bits: 4294967295
  m_RenderingPath: -1
  m_TargetTexture: {fileID: 0}
  m_TargetDisplay: 0
  m_TargetEye: 3
  m_HDR: 1
  m_AllowMSAA: 1
  m_AllowDynamicResolution: 0
  m_ForceIntoRT: 0
  m_OcclusionCulling: 1
  m_StereoConvergence: 10
  m_StereoSeparation: 0.022
--- !u!4 &1314561819
Transform:
  m_ObjectHideFlags: 0
  m_CorrespondingSourceObject: {fileID: 0}
  m_PrefabInternal: {fileID: 0}
  m_GameObject: {fileID: 1314561815}
  m_LocalRotation: {x: 0, y: 0, z: 0, w: 1}
  m_LocalPosition: {x: -0.14, y: 0, z: 0}
  m_LocalScale: {x: 1, y: 1, z: 1}
  m_Children: []
  m_Father: {fileID: 0}
  m_RootOrder: 0
  m_LocalEulerAnglesHint: {x: 0, y: 0, z: 0}
--- !u!1001 &1624619532
Prefab:
  m_ObjectHideFlags: 0
  serializedVersion: 2
  m_Modification:
    m_TransformParent: {fileID: 0}
    m_Modifications:
    - target: {fileID: 4613102439683646, guid: 7ea351de6a8334e298867ee0f1f26548, type: 2}
      propertyPath: m_LocalPosition.x
      value: -0.42
      objectReference: {fileID: 0}
    - target: {fileID: 4613102439683646, guid: 7ea351de6a8334e298867ee0f1f26548, type: 2}
      propertyPath: m_LocalPosition.y
      value: -0.11
      objectReference: {fileID: 0}
    - target: {fileID: 4613102439683646, guid: 7ea351de6a8334e298867ee0f1f26548, type: 2}
      propertyPath: m_LocalPosition.z
      value: 100
      objectReference: {fileID: 0}
    - target: {fileID: 4613102439683646, guid: 7ea351de6a8334e298867ee0f1f26548, type: 2}
      propertyPath: m_LocalRotation.x
      value: 0
      objectReference: {fileID: 0}
    - target: {fileID: 4613102439683646, guid: 7ea351de6a8334e298867ee0f1f26548, type: 2}
      propertyPath: m_LocalRotation.y
      value: 0
      objectReference: {fileID: 0}
    - target: {fileID: 4613102439683646, guid: 7ea351de6a8334e298867ee0f1f26548, type: 2}
      propertyPath: m_LocalRotation.z
      value: 0
      objectReference: {fileID: 0}
    - target: {fileID: 4613102439683646, guid: 7ea351de6a8334e298867ee0f1f26548, type: 2}
      propertyPath: m_LocalRotation.w
      value: 1
      objectReference: {fileID: 0}
    - target: {fileID: 4613102439683646, guid: 7ea351de6a8334e298867ee0f1f26548, type: 2}
      propertyPath: m_RootOrder
      value: 6
      objectReference: {fileID: 0}
    - target: {fileID: 137993409826302268, guid: 7ea351de6a8334e298867ee0f1f26548,
        type: 2}
      propertyPath: m_Mesh
      value: 
      objectReference: {fileID: 0}
    - target: {fileID: 137475882533808444, guid: 7ea351de6a8334e298867ee0f1f26548,
        type: 2}
      propertyPath: m_Mesh
      value: 
      objectReference: {fileID: 0}
    - target: {fileID: 137347480801169942, guid: 7ea351de6a8334e298867ee0f1f26548,
        type: 2}
      propertyPath: m_Mesh
      value: 
      objectReference: {fileID: 0}
    - target: {fileID: 137174407335646190, guid: 7ea351de6a8334e298867ee0f1f26548,
        type: 2}
      propertyPath: m_Mesh
      value: 
      objectReference: {fileID: 0}
    - target: {fileID: 137740486390284456, guid: 7ea351de6a8334e298867ee0f1f26548,
        type: 2}
      propertyPath: m_Mesh
      value: 
      objectReference: {fileID: 0}
    - target: {fileID: 137512593300408108, guid: 7ea351de6a8334e298867ee0f1f26548,
        type: 2}
      propertyPath: m_Mesh
      value: 
      objectReference: {fileID: 0}
    - target: {fileID: 137748140857086114, guid: 7ea351de6a8334e298867ee0f1f26548,
        type: 2}
      propertyPath: m_Mesh
      value: 
      objectReference: {fileID: 0}
    - target: {fileID: 137585224093634518, guid: 7ea351de6a8334e298867ee0f1f26548,
        type: 2}
      propertyPath: m_Mesh
      value: 
      objectReference: {fileID: 0}
    - target: {fileID: 137898611461221630, guid: 7ea351de6a8334e298867ee0f1f26548,
        type: 2}
      propertyPath: m_Mesh
      value: 
      objectReference: {fileID: 0}
    - target: {fileID: 137210303649913794, guid: 7ea351de6a8334e298867ee0f1f26548,
        type: 2}
      propertyPath: m_Mesh
      value: 
      objectReference: {fileID: 0}
    - target: {fileID: 137171456151920894, guid: 7ea351de6a8334e298867ee0f1f26548,
        type: 2}
      propertyPath: m_Mesh
      value: 
      objectReference: {fileID: 0}
    - target: {fileID: 137362670256222772, guid: 7ea351de6a8334e298867ee0f1f26548,
        type: 2}
      propertyPath: m_Mesh
      value: 
      objectReference: {fileID: 0}
    - target: {fileID: 4529652411335342, guid: 7ea351de6a8334e298867ee0f1f26548, type: 2}
      propertyPath: m_LocalRotation.z
      value: -0.20351142
      objectReference: {fileID: 0}
    - target: {fileID: 4432337223197244, guid: 7ea351de6a8334e298867ee0f1f26548, type: 2}
      propertyPath: m_LocalRotation.z
      value: 0.056087557
      objectReference: {fileID: 0}
    - target: {fileID: 4443834111514998, guid: 7ea351de6a8334e298867ee0f1f26548, type: 2}
      propertyPath: m_LocalRotation.z
      value: -0.03477867
      objectReference: {fileID: 0}
    - target: {fileID: 4116069104979622, guid: 7ea351de6a8334e298867ee0f1f26548, type: 2}
      propertyPath: m_LocalRotation.z
      value: 0.37033957
      objectReference: {fileID: 0}
    - target: {fileID: 4116069104979622, guid: 7ea351de6a8334e298867ee0f1f26548, type: 2}
      propertyPath: m_LocalRotation.w
      value: 0.9288964
      objectReference: {fileID: 0}
    - target: {fileID: 4196895626843206, guid: 7ea351de6a8334e298867ee0f1f26548, type: 2}
      propertyPath: m_LocalRotation.z
      value: -0.062012855
      objectReference: {fileID: 0}
    - target: {fileID: 4610391314136878, guid: 7ea351de6a8334e298867ee0f1f26548, type: 2}
      propertyPath: m_LocalRotation.z
      value: 0.08812783
      objectReference: {fileID: 0}
    - target: {fileID: 4529652411335342, guid: 7ea351de6a8334e298867ee0f1f26548, type: 2}
      propertyPath: m_LocalRotation.w
      value: 0.9790726
      objectReference: {fileID: 0}
    - target: {fileID: 4432337223197244, guid: 7ea351de6a8334e298867ee0f1f26548, type: 2}
      propertyPath: m_LocalRotation.w
      value: 0.99842584
      objectReference: {fileID: 0}
    - target: {fileID: 4610391314136878, guid: 7ea351de6a8334e298867ee0f1f26548, type: 2}
      propertyPath: m_LocalRotation.w
      value: 0.9961092
      objectReference: {fileID: 0}
    - target: {fileID: 4613102439683646, guid: 7ea351de6a8334e298867ee0f1f26548, type: 2}
      propertyPath: m_LocalScale.x
      value: 0.14
      objectReference: {fileID: 0}
    - target: {fileID: 4613102439683646, guid: 7ea351de6a8334e298867ee0f1f26548, type: 2}
      propertyPath: m_LocalScale.y
      value: 0.14
      objectReference: {fileID: 0}
    - target: {fileID: 114272150413780686, guid: 7ea351de6a8334e298867ee0f1f26548,
        type: 2}
      propertyPath: isInDynamicScene
      value: 0
      objectReference: {fileID: 0}
    - target: {fileID: 114856114721204574, guid: 7ea351de6a8334e298867ee0f1f26548,
        type: 2}
      propertyPath: m_Solver.m_SolverPoses.Array.data[0].solverRotation.z
      value: -0.034778666
      objectReference: {fileID: 0}
    - target: {fileID: 114856114721204574, guid: 7ea351de6a8334e298867ee0f1f26548,
        type: 2}
      propertyPath: m_Solver.targetPosition.x
      value: -0.2604
      objectReference: {fileID: 0}
    - target: {fileID: 114856114721204574, guid: 7ea351de6a8334e298867ee0f1f26548,
        type: 2}
      propertyPath: m_Solver.targetPosition.y
      value: -3.046
      objectReference: {fileID: 0}
    - target: {fileID: 114856114721204574, guid: 7ea351de6a8334e298867ee0f1f26548,
        type: 2}
      propertyPath: m_Solver.targetPosition.z
      value: 100
      objectReference: {fileID: 0}
    - target: {fileID: 114686517380801536, guid: 7ea351de6a8334e298867ee0f1f26548,
        type: 2}
      propertyPath: m_Solver.m_SolverPoses.Array.data[0].solverRotation.z
      value: 0.08812839
      objectReference: {fileID: 0}
    - target: {fileID: 114686517380801536, guid: 7ea351de6a8334e298867ee0f1f26548,
        type: 2}
      propertyPath: m_Solver.m_SolverPoses.Array.data[0].solverRotation.w
      value: 0.9961091
      objectReference: {fileID: 0}
    - target: {fileID: 114686517380801536, guid: 7ea351de6a8334e298867ee0f1f26548,
        type: 2}
      propertyPath: m_Solver.m_SolverPoses.Array.data[1].solverRotation.z
      value: 0.05608623
      objectReference: {fileID: 0}
    - target: {fileID: 114686517380801536, guid: 7ea351de6a8334e298867ee0f1f26548,
        type: 2}
      propertyPath: m_Solver.m_SolverPoses.Array.data[1].solverRotation.w
      value: 0.9984259
      objectReference: {fileID: 0}
    - target: {fileID: 114686517380801536, guid: 7ea351de6a8334e298867ee0f1f26548,
        type: 2}
      propertyPath: m_Solver.targetPosition.x
      value: 0.11200002
      objectReference: {fileID: 0}
    - target: {fileID: 114686517380801536, guid: 7ea351de6a8334e298867ee0f1f26548,
        type: 2}
      propertyPath: m_Solver.targetPosition.y
      value: -1.772
      objectReference: {fileID: 0}
    - target: {fileID: 114686517380801536, guid: 7ea351de6a8334e298867ee0f1f26548,
        type: 2}
      propertyPath: m_Solver.targetPosition.z
      value: 100
      objectReference: {fileID: 0}
    - target: {fileID: 114131485323853760, guid: 7ea351de6a8334e298867ee0f1f26548,
        type: 2}
      propertyPath: m_Length
      value: 2.1948478
      objectReference: {fileID: 0}
    - target: {fileID: 114246708329905014, guid: 7ea351de6a8334e298867ee0f1f26548,
        type: 2}
      propertyPath: m_Length
      value: 3.4220808
      objectReference: {fileID: 0}
    - target: {fileID: 114814807500411074, guid: 7ea351de6a8334e298867ee0f1f26548,
        type: 2}
      propertyPath: m_Solver.m_SolverPoses.Array.data[0].solverRotation.z
      value: -0.20351131
      objectReference: {fileID: 0}
    - target: {fileID: 114814807500411074, guid: 7ea351de6a8334e298867ee0f1f26548,
        type: 2}
      propertyPath: m_Solver.m_SolverPoses.Array.data[0].solverRotation.w
      value: 0.9790726
      objectReference: {fileID: 0}
    - target: {fileID: 114814807500411074, guid: 7ea351de6a8334e298867ee0f1f26548,
        type: 2}
      propertyPath: m_Solver.m_SolverPoses.Array.data[1].solverRotation.z
      value: 0.37033916
      objectReference: {fileID: 0}
    - target: {fileID: 114814807500411074, guid: 7ea351de6a8334e298867ee0f1f26548,
        type: 2}
      propertyPath: m_Solver.targetPosition.x
      value: -0.784
      objectReference: {fileID: 0}
    - target: {fileID: 114814807500411074, guid: 7ea351de6a8334e298867ee0f1f26548,
        type: 2}
      propertyPath: m_Solver.targetPosition.y
      value: -1.716
      objectReference: {fileID: 0}
    - target: {fileID: 114814807500411074, guid: 7ea351de6a8334e298867ee0f1f26548,
        type: 2}
      propertyPath: m_Solver.targetPosition.z
      value: 100
      objectReference: {fileID: 0}
    - target: {fileID: 114254660871963266, guid: 7ea351de6a8334e298867ee0f1f26548,
        type: 2}
      propertyPath: m_Length
      value: 3.5451791
      objectReference: {fileID: 0}
    - target: {fileID: 114459371638353608, guid: 7ea351de6a8334e298867ee0f1f26548,
        type: 2}
      propertyPath: m_Solver.m_SolverPoses.Array.data[0].solverRotation.z
      value: -0.06201285
      objectReference: {fileID: 0}
    - target: {fileID: 114459371638353608, guid: 7ea351de6a8334e298867ee0f1f26548,
        type: 2}
      propertyPath: m_Solver.targetPosition.x
      value: -0.714
      objectReference: {fileID: 0}
    - target: {fileID: 114459371638353608, guid: 7ea351de6a8334e298867ee0f1f26548,
        type: 2}
      propertyPath: m_Solver.targetPosition.y
      value: -3.088
      objectReference: {fileID: 0}
    - target: {fileID: 114459371638353608, guid: 7ea351de6a8334e298867ee0f1f26548,
        type: 2}
      propertyPath: m_Solver.targetPosition.z
      value: 100
      objectReference: {fileID: 0}
    - target: {fileID: 114874120451471694, guid: 7ea351de6a8334e298867ee0f1f26548,
        type: 2}
      propertyPath: m_Length
      value: 1.7508465
      objectReference: {fileID: 0}
    m_RemovedComponents:
    - {fileID: 50828737754679182, guid: 7ea351de6a8334e298867ee0f1f26548, type: 2}
  m_SourcePrefab: {fileID: 100100000, guid: 7ea351de6a8334e298867ee0f1f26548, type: 2}
  m_IsPrefabAsset: 0
--- !u!1 &1744794728
GameObject:
  m_ObjectHideFlags: 0
  m_CorrespondingSourceObject: {fileID: 0}
  m_PrefabInternal: {fileID: 0}
  serializedVersion: 6
  m_Component:
  - component: {fileID: 1744794730}
  - component: {fileID: 1744794729}
  m_Layer: 5
  m_Name: Bg
  m_TagString: Untagged
  m_Icon: {fileID: 0}
  m_NavMeshLayer: 0
  m_StaticEditorFlags: 0
  m_IsActive: 1
--- !u!212 &1744794729
SpriteRenderer:
  m_ObjectHideFlags: 0
  m_CorrespondingSourceObject: {fileID: 0}
  m_PrefabInternal: {fileID: 0}
  m_GameObject: {fileID: 1744794728}
  m_Enabled: 1
  m_CastShadows: 0
  m_ReceiveShadows: 0
  m_DynamicOccludee: 1
  m_MotionVectors: 1
  m_LightProbeUsage: 1
  m_ReflectionProbeUsage: 1
  m_RenderingLayerMask: 4294967295
  m_Materials:
  - {fileID: 10754, guid: 0000000000000000f000000000000000, type: 0}
  m_StaticBatchInfo:
    firstSubMesh: 0
    subMeshCount: 0
  m_StaticBatchRoot: {fileID: 0}
  m_ProbeAnchor: {fileID: 0}
  m_LightProbeVolumeOverride: {fileID: 0}
  m_ScaleInLightmap: 1
  m_PreserveUVs: 0
  m_IgnoreNormalsForChartDetection: 0
  m_ImportantGI: 0
  m_StitchLightmapSeams: 0
  m_SelectedEditorRenderState: 0
  m_MinimumChartSize: 4
  m_AutoUVMaxDistance: 0.5
  m_AutoUVMaxAngle: 89
  m_LightmapParameters: {fileID: 0}
  m_SortingLayerID: 0
  m_SortingLayer: 0
  m_SortingOrder: -2
  m_Sprite: {fileID: 21300000, guid: 5d1d59dce4191484289153601d2087ad, type: 3}
  m_Color: {r: 1, g: 1, b: 1, a: 1}
  m_FlipX: 0
  m_FlipY: 0
  m_DrawMode: 0
  m_Size: {x: 10.36, y: 6.83}
  m_AdaptiveModeThreshold: 0.5
  m_SpriteTileMode: 0
  m_WasSpriteAssigned: 1
  m_MaskInteraction: 0
  m_SpriteSortPoint: 0
--- !u!4 &1744794730
Transform:
  m_ObjectHideFlags: 0
  m_CorrespondingSourceObject: {fileID: 0}
  m_PrefabInternal: {fileID: 0}
  m_GameObject: {fileID: 1744794728}
  m_LocalRotation: {x: -0, y: -0, z: -0, w: 1}
  m_LocalPosition: {x: 1.61, y: -1.21, z: -1}
  m_LocalScale: {x: 1.8149816, y: 2.1087947, z: 1.355584}
  m_Children: []
  m_Father: {fileID: 1205203035}
  m_RootOrder: 0
  m_LocalEulerAnglesHint: {x: 0, y: 0, z: 0}
--- !u!1 &1825458243
GameObject:
  m_ObjectHideFlags: 0
  m_CorrespondingSourceObject: {fileID: 0}
  m_PrefabInternal: {fileID: 0}
  serializedVersion: 6
  m_Component:
  - component: {fileID: 1825458245}
  - component: {fileID: 1825458244}
  - component: {fileID: 1825458246}
  m_Layer: 0
  m_Name: IntroController
  m_TagString: Untagged
  m_Icon: {fileID: 0}
  m_NavMeshLayer: 0
  m_StaticEditorFlags: 0
  m_IsActive: 1
--- !u!114 &1825458244
MonoBehaviour:
  m_ObjectHideFlags: 0
  m_CorrespondingSourceObject: {fileID: 0}
  m_PrefabInternal: {fileID: 0}
  m_GameObject: {fileID: 1825458243}
  m_Enabled: 1
  m_EditorHideFlags: 0
  m_Script: {fileID: 11500000, guid: 13e5fb114621b47738b40966fee5c568, type: 3}
  m_Name: 
  m_EditorClassIdentifier: 
--- !u!4 &1825458245
Transform:
  m_ObjectHideFlags: 0
  m_CorrespondingSourceObject: {fileID: 0}
  m_PrefabInternal: {fileID: 0}
  m_GameObject: {fileID: 1825458243}
  m_LocalRotation: {x: 0, y: 0, z: 0, w: 1}
  m_LocalPosition: {x: -3.9882808, y: -2.6692708, z: 90}
  m_LocalScale: {x: 1, y: 1, z: 1}
  m_Children: []
  m_Father: {fileID: 0}
  m_RootOrder: 4
  m_LocalEulerAnglesHint: {x: 0, y: 0, z: 0}
--- !u!114 &1825458246
MonoBehaviour:
  m_ObjectHideFlags: 0
  m_CorrespondingSourceObject: {fileID: 0}
  m_PrefabInternal: {fileID: 0}
  m_GameObject: {fileID: 1825458243}
  m_Enabled: 1
  m_EditorHideFlags: 0
  m_Script: {fileID: 11500000, guid: 2b4cbb5cad3074786b3b554bef4f1751, type: 3}
  m_Name: 
  m_EditorClassIdentifier: 
--- !u!1 &1936567925
GameObject:
  m_ObjectHideFlags: 0
  m_CorrespondingSourceObject: {fileID: 0}
  m_PrefabInternal: {fileID: 0}
  serializedVersion: 6
  m_Component:
  - component: {fileID: 1936567926}
  - component: {fileID: 1936567928}
  - component: {fileID: 1936567927}
  m_Layer: 5
  m_Name: LblTitle
  m_TagString: Untagged
  m_Icon: {fileID: 0}
  m_NavMeshLayer: 0
  m_StaticEditorFlags: 0
  m_IsActive: 1
--- !u!224 &1936567926
RectTransform:
  m_ObjectHideFlags: 0
  m_CorrespondingSourceObject: {fileID: 0}
  m_PrefabInternal: {fileID: 0}
  m_GameObject: {fileID: 1936567925}
  m_LocalRotation: {x: 0, y: 0, z: 0, w: 1}
  m_LocalPosition: {x: 0, y: 0, z: 1}
  m_LocalScale: {x: 1, y: 1, z: 1}
  m_Children: []
  m_Father: {fileID: 1281636970}
  m_RootOrder: 0
  m_LocalEulerAnglesHint: {x: 0, y: 0, z: 0}
  m_AnchorMin: {x: 0.5, y: 0.5}
  m_AnchorMax: {x: 0.5, y: 0.5}
  m_AnchoredPosition: {x: -1, y: 135.6}
  m_SizeDelta: {x: 239.9, y: 141.4}
  m_Pivot: {x: 0.5, y: 0.5}
--- !u!114 &1936567927
MonoBehaviour:
  m_ObjectHideFlags: 0
  m_CorrespondingSourceObject: {fileID: 0}
  m_PrefabInternal: {fileID: 0}
  m_GameObject: {fileID: 1936567925}
  m_Enabled: 1
  m_EditorHideFlags: 0
  m_Script: {fileID: -765806418, guid: f70555f144d8491a825f0804e09c671c, type: 3}
  m_Name: 
  m_EditorClassIdentifier: 
  m_Material: {fileID: 0}
  m_Color: {r: 1, g: 1, b: 1, a: 1}
  m_RaycastTarget: 1
  m_OnCullStateChanged:
    m_PersistentCalls:
      m_Calls: []
    m_TypeName: UnityEngine.UI.MaskableGraphic+CullStateChangedEvent, UnityEngine.UI,
      Version=1.0.0.0, Culture=neutral, PublicKeyToken=null
  m_Sprite: {fileID: 21300000, guid: 266f746ce28a0451daa891148c395a0c, type: 3}
  m_Type: 0
  m_PreserveAspect: 0
  m_FillCenter: 1
  m_FillMethod: 4
  m_FillAmount: 1
  m_FillClockwise: 1
  m_FillOrigin: 0
--- !u!222 &1936567928
CanvasRenderer:
  m_ObjectHideFlags: 0
  m_CorrespondingSourceObject: {fileID: 0}
  m_PrefabInternal: {fileID: 0}
  m_GameObject: {fileID: 1936567925}
  m_CullTransparentMesh: 0
--- !u!1 &1998394907
GameObject:
  m_ObjectHideFlags: 0
  m_CorrespondingSourceObject: {fileID: 0}
  m_PrefabInternal: {fileID: 0}
  serializedVersion: 6
  m_Component:
  - component: {fileID: 1998394911}
  - component: {fileID: 1998394910}
  - component: {fileID: 1998394909}
  - component: {fileID: 1998394908}
  m_Layer: 5
  m_Name: Canvas
  m_TagString: Untagged
  m_Icon: {fileID: 0}
  m_NavMeshLayer: 0
  m_StaticEditorFlags: 0
  m_IsActive: 1
--- !u!114 &1998394908
MonoBehaviour:
  m_ObjectHideFlags: 0
  m_CorrespondingSourceObject: {fileID: 0}
  m_PrefabInternal: {fileID: 0}
  m_GameObject: {fileID: 1998394907}
  m_Enabled: 1
  m_EditorHideFlags: 0
  m_Script: {fileID: 1301386320, guid: f70555f144d8491a825f0804e09c671c, type: 3}
  m_Name: 
  m_EditorClassIdentifier: 
  m_IgnoreReversedGraphics: 1
  m_BlockingObjects: 0
  m_BlockingMask:
    serializedVersion: 2
    m_Bits: 4294967295
--- !u!114 &1998394909
MonoBehaviour:
  m_ObjectHideFlags: 0
  m_CorrespondingSourceObject: {fileID: 0}
  m_PrefabInternal: {fileID: 0}
  m_GameObject: {fileID: 1998394907}
  m_Enabled: 1
  m_EditorHideFlags: 0
  m_Script: {fileID: 1980459831, guid: f70555f144d8491a825f0804e09c671c, type: 3}
  m_Name: 
  m_EditorClassIdentifier: 
  m_UiScaleMode: 1
  m_ReferencePixelsPerUnit: 100
  m_ScaleFactor: 1
  m_ReferenceResolution: {x: 800, y: 480}
  m_ScreenMatchMode: 0
  m_MatchWidthOrHeight: 0.5
  m_PhysicalUnit: 3
  m_FallbackScreenDPI: 96
  m_DefaultSpriteDPI: 96
  m_DynamicPixelsPerUnit: 1
--- !u!223 &1998394910
Canvas:
  m_ObjectHideFlags: 0
  m_CorrespondingSourceObject: {fileID: 0}
  m_PrefabInternal: {fileID: 0}
  m_GameObject: {fileID: 1998394907}
  m_Enabled: 1
  serializedVersion: 3
  m_RenderMode: 1
  m_Camera: {fileID: 1314561818}
  m_PlaneDistance: 100
  m_PixelPerfect: 0
  m_ReceivesEvents: 1
  m_OverrideSorting: 0
  m_OverridePixelPerfect: 0
  m_SortingBucketNormalizedSize: 0
  m_AdditionalShaderChannelsFlag: 0
  m_SortingLayerID: 0
  m_SortingOrder: 1
  m_TargetDisplay: 0
--- !u!224 &1998394911
RectTransform:
  m_ObjectHideFlags: 0
  m_CorrespondingSourceObject: {fileID: 0}
  m_PrefabInternal: {fileID: 0}
  m_GameObject: {fileID: 1998394907}
  m_LocalRotation: {x: 0, y: 0, z: 0, w: 1}
  m_LocalPosition: {x: 0, y: 0, z: 0}
  m_LocalScale: {x: 0, y: 0, z: 0}
  m_Children:
  - {fileID: 1205203035}
  - {fileID: 1281636970}
  m_Father: {fileID: 0}
  m_RootOrder: 5
  m_LocalEulerAnglesHint: {x: 0, y: 0, z: 0}
  m_AnchorMin: {x: 0, y: 0}
  m_AnchorMax: {x: 0, y: 0}
  m_AnchoredPosition: {x: 0, y: 0}
  m_SizeDelta: {x: 0, y: 0}
  m_Pivot: {x: 0, y: 0}
